@article{MEVS03,
	year = {2003},
	pages = {195-209},
	title = {Scalable On-demand media streaming with packet loss recovery},
	journal = {IEEE/ACM Transactions on Networking},
	volume = {11},
	author = {Mahanti, A. and Eager, D. and Vernon, M. and Sundaram-Stukel, D.},
	number = {2},
	month = {April}
}

@InProceedings{SH06,
  author = 	 {O. Saleh and M. Hefeeda},
  title = 	 {Modeling and Caching of Peer-to-Peer Traffic},
  booktitle = 	 {Proc. of IEEE International Conference on Network Protocols (ICNP'06)},
  OPTcrossref =  {},
  OPTkey = 	 {},
  pages = 	 {249-258},
  year = 	 {2006},
  OPTeditor = 	 {},
  OPTvolume = 	 {},
  OPTnumber = 	 {},
  OPTseries = 	 {},
  address   = 	 {Santa Barbara, CA},
  month = 	 {November},
  OPTorganization = {},
  OPTpublisher = {},
  OPTnote = 	 {},
  OPTannote = 	 {}
}
@inproceedings{SGD+02,
	month = {December},
	year = {2002},
	address = {Boston, MA, USA},
	title = {An analysis of {Internet} content delivery systems},
	booktitle = {Proc. of 5th Symposium on Operating Systems Design and Implementation (OSDI'02)},
	author = {S. Saroiu and K. Gummadi and R. Dunn and S. Gribble and H. Levy}
}

@book{comerV1,
	author = {Comer, Douglas E.},
	edition = {4th},
	title = {Internetworking with {TCP/IP}: {Principles}, protocols, and architectures},
	year = {2000},
	publisher = {Prentice Hall}
}

@misc{freePastry,
	title = {Free Pastry Home Page},
	note = {\url{http://www.cs.rice.edu/CS/Systems/Pastry}},
	key = {Free Pastry Home Page}
}

@misc{nntp,
	year = {1986},
	month = {February},
	howpublished = {RFC 977},
	title = {Network News Transfer Protocol},
	author = {B. Kantor and P. Lapsley},
	key = {Kantor}
}

@techreport{MKL+02,
	author = {D. Milojicic and V. Kalogeraki and R. Lukose and K. Nagaraja and J. Pruyne and B. Richard},
	institution = {HP Laboratories},
	number = {HPL-2002-57},
	month = {March},
	year = {2002},
	title = {Peer-to-Peer Computing}
}

@incollection{CP02,
	volume = {2497},
	author = {J. Crowcroft and I. Pratt},
	booktitle = {Advanced Lectures on Networking, NETWORKING 2002 Tutorials},
	month = {May},
	series = {Lecture Notes in Computer Science},
	year = {2002},
	publisher = {Springer-Verlag},
	title = {Peer to peer: {Peering} into the future},
	editor = {E. Gregori and G. Anastasi and S. Basagni}
}

@inproceedings{GDS+03,
	pages = {314-329},
	title = {Measurement, modeling, and analysis of a peer-to-peer file-sharing workload},
	author = {K. Gummadi and R. Dunn and S. Saroiu and S. Gribble and H. Levy and J. Zahorjan},
	year = {2003},
	address = {Bolton Landing, NY},
	booktitle = {Proc. of ACM Symposium on Operating Systems Principles (SOSP'03)},
	month = {October}
}

@inproceedings{farsite,
	address = {Boston, MA, USA},
	author = {A. Adya et al.},
	year = {2002},
	month = {December},
	title = {{FARSITE}: {Federated}, available, reliable storage for an incompletely trusted environment},
	booktitle = {Proc. of 5th Symposium on Operating Systems Design and Implementation (OSDI'02),}
}

@inproceedings{splitstream,
	author = {M. Castro and P. Druschel and A. Kermarrec and A. Nandi and A. Rowstron and A. Singh},
	month = {October},
	booktitle = {Proc. of 19th ACM Symposium on Operating Systems Principles (SOSP'03)},
	title = {{SplitStream}: {High}-Bandwidth Multicast in Cooperative Environments},
	year = {2003},
	address = {Bolton Landing, NY, USA}
}

@inproceedings{bullet,
	address = {Bolton Landing, NY, USA},
	title = {Bullet: {High} Bandwidth Data Dissemination Using an Overlay Mesh},
	year = {2003},
	booktitle = {Proc. of 19th ACM Symposium on Operating Systems Principles (SOSP'03)},
	author = {D. Kostic and A. Rodriguez and J. Albrecht and A. Vahdat},
	month = {October}
}

@inproceedings{CN03,
	booktitle = {Proc. of ACM International Workshop on Network and Operating Systems Support for Digital Audio and Video (NOSSDAV'03)},
	month = {June},
	address = {Monterey, CA, USA},
	title = {Layered Peer-to-peer streaming},
	year = {2003},
	author = {Cui, Y. and Nahrstedt}
}

@misc{icp,
	year = {1997},
	key = {Wesseles},
	howpublished = {RFC 2186},
	author = {D. Wessels and K. Claffy},
	month = {September},
	title = {Internet Cache Protocol {(ICP)}, version 2}
}

@inproceedings{WZDS98,
	address = {San Francisco, CA, USA},
	title = {A Network-Conscious Approach to End-to-End Video Delivery over Wide Area Networks Using Proxy Servers},
	author = {Wang, Y. and Zhang, Z. and Du, D. and Su, D.},
	year = {1998},
	booktitle = {Proc. of IEEE INFOCOM'98},
	month = {April}
}

@inproceedings{AS98,
	booktitle = {Proc. of ACM/SPIE Multimedia Computing and Networking (MMCN'98)},
	year = {1998},
	address = {San Jose, CA, USA},
	author = {Acharya, S. and Smith, B.},
	month = {January},
	title = {An Experiment to characterize videos on the web}
}

@inproceedings{ASP98,
	address = {San Jose, CA, USA},
	year = {2000},
	month = {January},
	author = {Acharya, S. and Smith, B. and Parnes, P.},
	title = {Characterizing user access to videos on the world wide web},
	booktitle = {Proc. of ACM/SPIE Multimedia Computing and Networking (MMCN'00)}
}

@article{peercast,
	address = {Princeton, New Jersey, USA},
	month = {October},
	year = {2002},
	title = {Transience of Peers and Streaming Media},
	journal = {First Workshop on Hot Topics in Networks (HotNets-I)},
	author = {Bawa, M. and Deshpande, H. and Garcia-Molina, H. }
}

@article{MXT01,
	journal = {The Journal of Supercomputing},
	pages = {175-196},
	title = {Simulation and Analysis of Packet Loss in User Datagram Protocol Transfers},
	volume = {20},
	year = {2001},
	author = {Markovski, V. and Xue, F. and Trajkovic, L. },
	number = {2}
}

@inproceedings{HCS98,
	title = {Patching: {A} multicast technique for true video on-demand services},
	author = {Hua, K. and Cai, Y. and Sheu, S.},
	address = {Bristol, UK},
	booktitle = {Proc. of ACM Multimedia'98},
	year = {1998},
	month = {September},
	optpages = {191-200}
}

@article{concast,
	number =  3,
	journal = {IEEE Journal on Selected Area in Communications},
	month = {March},
	pages = {426-437},
	volume =  19,
	title = {{Concast: {Design} and Implementation of an Active Network Service}},
	year =  2001,
	author = {K. Calvert and J. Griffioen and B. Mullins and A. Sehgal and S. Wen}
}

@inproceedings{SRT99,
	booktitle = {IEEE INFOCOM'99},
	address = {York, NY, USA},
	month = {March},
	author = {Sen, S. and Rexford, J. and Towsley, D.},
	title = {Proxy Prefix caching for Multimedia streams},
	year = {1999}
}

@inproceedings{SGRT99,
	author = {Sen, S. and Gao, L. and Rexford, J. and Towsley, D.},
	month = {March},
	year = {1999},
	title = {Optimal patching schemes for efficient Multimedia streaming},
	booktitle = {IEEE INFOCOM'99},
	address = {York, NY, USA}
}

@inproceedings{MO99,
	year = {1999},
	author = {Miao, Z. and Ortega, A.},
	booktitle = {Proc. of 9th International Packet Video Workshop (PV'99)},
	month = {April},
	title = {Proxy caching for efficient video services over the {Internet}},
	address = {New York, NY, USA}
}

@inproceedings{YMKT99,
	year = {1999},
	month = {March},
	pages = {345-352},
	title = {Measurement and Modeling of the Temporal Dependence in Packet Loss},
	author = {Yajnik, M. and Moon, S. and Kurose, J. and Towsley, D.},
	address = {York, NY, USA},
	booktitle = {Proc. of IEEE INFOCOM'99}
}

@inproceedings{BLMR98,
	address = {Vancouver, British Columbia},
	month = {August},
	booktitle = {Proc. ACM SIGCOMM'98},
	year = {1998},
	pages = {56-67},
	title = {A Digital Fountain Approach to Reliable Distribution of Bulk Data},
	author = {Byers, B. and Luby, M. and Mitzenmacher, M. and Rege, A.}
}

@book{WILSON93,
	publisher = {Oxford University Press},
	title = {Nonlinear Pricing},
	year = {1993},
	address = {New York, NY},
	author = {Wilson, R.}
}

@article{CHNY02,
	year = {2002},
	volume = {19},
	author = {Coates, M. and Hero, A. Nowak, R. and Yu, B.},
	number = {3},
	pages = {47-65},
	title = {Internet Tomography},
	journal = {IEEE Signal Processing Magazine}
}

@misc{BestavrosPrivateComm02,
	title = {Private Communications},
	optkey = {Bestavros, A.},
	month = {December},
	author = {Bestavros, A.},
	year = {2002}
}

@book{FT00,
	year = {2000},
	address = {Cambridge, MA},
	author = {Fundenberg, D. and Tirole, J.},
	title = {Game Theory},
	publisher = {MIT Press}
}

@book{CS96,
	year = {1996},
	author = {Cornes, R. and Sandler, T.},
	address = {New York, NY},
	title = {The Theory of Externalities, Public Goods and Club Goods},
	publisher = {Cambridge University Press}
}

@article{GK99,
	pages = {1969-1985},
	title = {Resource pricing and the evolution of congestion control},
	year = {1999},
	journal = {Automatica},
	volume = {35},
	author = {Gibbens, R. and Kelly, F.}
}

@book{SONG99,
	year = {1999},
	title = {Pricing Congestible Network Resources},
	author = {Songhurt, D.},
	publisher = {Elsevier},
	address = {Amsterdam}
}

@article{MV95,
	author = {MacKie-Mason, J. and Varian, H.},
	number = {7},
	year = {1995},
	month = {September},
	journal = {IEEE Journal of Selected Areas in Communications},
	pages = {1141-49},
	title = {Pricing Congestible Network Resources},
	volume = {13}
}

@article{OTT03,
	journal = {AIChE Journal},
	volume = {49},
	author = {Ottino, J.},
	number = {2},
	month = {February},
	pages = {292-299},
	title = {Complex Systems},
	year = {2003}
}

@article{GSW97,
	year = {1997},
	pages = {697-722},
	title = {A Stochastic Equilibrium Model of {Internet} Pricing},
	volume = {21},
	journal = {Economic Dynamics and Control},
	author = {Gupta, A. and Stahl, D. and Whintson, A.}
}

@article{MTT02,
	month = {July/August},
	year = {2002},
	journal = {Operations Research},
	title = {A Market-Based Approach to Optimal Resource Allocation in Integrated-Services connection},
	volume = {50},
	author = {MacKie-Mason, J. and Thomas, P. and Teneketsiz, D.},
	number = {4}
}

@misc{Afeche03,
	author = {Afeche, P.},
	year = {2003},
	note = {Under review for publication in Handbook on Economics of Electronic Commerce},
	title = {Pricing Data Network Transport Services: {Review} and Directions}
}

@inproceedings{LPP+01,
	month = {October},
	author = {Leylton-Brown, K. and Porter, R. and Prabhakar, B. and Shoham, Y. and Venkataraman, S.},
	booktitle = {Proc. of ACM Conference on Electronic Commerce (EC'01)},
	title = {Incentives Mechanisms for smoothing out a focused demand for network resources},
	address = {Tampa, FL, USA},
	year = {2001}
}

@inproceedings{WSL00,
	address = {Taipei, Taiwan},
	year = {2000},
	booktitle = {Proc. of International Symposium on Multimedia Software Engineering},
	month = {December},
	pages = {17-24},
	publisher = {IEEE},
	title = {A Survey of error-concealment schemes for real-time audio and video transmission over the {Internet}},
	author = {Wah, B.W. and Su, X. and Lin, D.}
}

@inproceedings{FB02,
	author = {Feamster, N. and Balakrishnan, H.},
	month = {April},
	title = {Packet Loss Recovery for Streaming Video},
	booktitle = {Proc. of IEEE International Packet Video Workshop (PV'02)},
	year = {2002},
	address = {Pittsburgh, PA, USA}
}

@inproceedings{NZ02b,
	address = {Pittsburgh, PA, USA},
	booktitle = {Proc. of IEEE International Packet Video Workshop (PV'02)},
	month = {April},
	title = {Distributed Video Streaming with Forward Error Correction},
	year = {2002},
	author = {Nguyen, T. and Zakhor, A.}
}

@inproceedings{XCRK03,
	month = {January},
	year = {2003},
	title = {Analysis of a Hybrid Architecture for Cost-Effective Media Distribution},
	address = {Santa Clara, CA},
	booktitle = {Proc. of SPIE/ACM Conference on Multimedia Computing and Networking (MMCN'03)},
	author = {Xu, D. and Chai, H. and Rosenberg, C. and Kulkarni, S.}
}

@inproceedings{HPS01,
	year = {2001},
	month = {October},
	author = {Horne, B. and Pinkas, B. and Sander, T.},
	title = {Escrow services and Incentives in peer-to-peer networks},
	booktitle = {Proc. of ACM Conference on Electronic Commerce (EC'01)},
	address = {Tampa, Florida}
}

@inproceedings{GLM01,
	booktitle = {Proc. of Second workshop on Electronic Commerce {(WELCOM'01)}},
	month = {November},
	author = {Golle, P. and Leylton-Brown, K. and Mironov, I.},
	title = {Incentives for sharing in peer-to-peer networks},
	year = {2001},
	address = {Heidelberg, Germany}
}

@inproceedings{BZ02,
	booktitle = {Proc. Data Warehouse and Knowledge Management Conference (DaWak'02)},
	author = {Bhargava, B. and Zhong, Y.},
	title = {Authorization based on evidence and trust},
	address = {Aix en Provence, France},
	year = {2002},
	month = {September}
}

@inproceedings{CCN02,
	month = {June},
	title = {Maximum Likelihood network topology identification from edge-based unicast measurements},
	address = {Marina Del Rey, CA, USA},
	year = {2002},
	author = {Coates, M. and Castro, R. and Nowak, R.},
	booktitle = {Proc. ACM SIGMETRICS'02}
}

@inproceedings{CRZ00,
	booktitle = {Proc. ACM SIGMETRICS'00},
	year = {2000},
	month = {June},
	author = {Chu, Y. and Rao, S. and Zhang, H.},
	pages = {1-12},
	title = { A case for end system multicast}
}

@article{narada,
	journal = {IEEE Journal on Selected Areas in Communications},
	month = {October},
	pages = {1456-1471},
	title = {A case for end system multicast},
	volume = {20},
	year = {2002},
	author = {Chu, Y. and Rao, S. and Seshan, S. and Zhang, H.},
	number = {8}
}

@article{scribe,
	volume = {20},
	author = {Castro, M. and Druschel,P. and Kermarrec, A. and Rowstron, A.},
	number = {8},
	month = {October},
	pages = {1489-1499},
	year = {2002},
	journal = {IEEE Journal on Selected Areas in Communications},
	title = {{SCRIBE: A} large-scale and decentralized application-level multicast infrastructure}
}

@article{HHXBB05,
	month = {November},
	volume = {11},
	author = {Hefeeda, M. and Habib, A. and Xu, D. and Bhargava, B. and Botev, B.},
	pages = {68-81},
	number = {1},
	title = {{CollectCast: A} Peer-to-peer service for media streaming},
	journal = {ACM/Springer Multimedia Systems Journal},
	year = {2005}
}

@inproceedings{collectcastPoster,
	year = {2003},
	address = {Karlsruhe, Germany},
	month = {August},
	title = {{CollectCast: A} Tomography-Based Network Service for Peer-to-Peer Streaming},
	author = {Hefeeda, M. and Habib, A. and Xu, D. and Bhargava, B.},
	booktitle = {ACM SIGCOMM'03 Poster Session}
}

@inproceedings{promise,
	author = {Hefeeda, M. and Habib, A. and Botev, B. and Xu, D. and Bhargava, B.},
	month = {November},
	pages = {45-54},
	title = {{PROMISE: Peer-to-peer} media streaming using {CollectCast}},
	address = {Berkeley, CA, USA},
	year = {2003},
	booktitle = {Proc. of ACM Multimedia 2003}
}

@inproceedings{Hef03,
	month = {November},
	year = {2003},
	address = {Berkeley, CA, USA},
	pages = {642-643},
	title = {A Framework for Cost-Effective Peer-to-Peer Content Distribution},
	booktitle = {Proc. of ACM Multimedia 2003, Doctoral Symposium},
	author = {Hefeeda, M.}
}

@article{HBY04,
	month = {February},
	journal = {Journal of Computer Networks},
	pages = {353-382},
	year = {2004},
	title = {A Hybrid Architecture for Cost-Effective on-Demand Media Streaming},
	volume = {44},
	author = {Hefeeda, M. and Bhargava, B. and Yau, D.},
	number = {3}
}

@inproceedings{HB03,
	optpublisher = {IEEE Press},
	year = {2003},
	author = {Hefeeda, M. and Bhargava, B.},
	month = {May},
	booktitle = {Proc. of 9th IEEE International Workshop on Future Trends of Distributed Computing Systems (FTDCS'03)},
	address = {San Juan, Puerto Rico},
	pages = {279-285},
	title = {On-Demand Media Streaming over the {Internet}}
}

@techreport{HHB03_TR,
	institution = {CERIAS TR 2002-37, Purdue University},
	optnote = {\url{http://www.cs.purdue.edu/homes/mhefeeda/research.html}},
	year = {2003},
	month = {June},
	title = {Cost-profit analysis of a Peer-to-peer media streaming architecture},
	author = {Hefeeda, M. and Habib, A. and Bhargava, B.}
}

@techreport{HAB03,
	title = {Economics of a Collaborative Peer-to-peer infrastructure for content distribution},
	optnote = {\url{http://www.cs.purdue.edu/homes/mhefeeda/research.html}},
	author = {Hefeeda, M. and Afeche, P. and Bhargava, B.},
	institution = {CSD-TR 03-015, Department of Computer Sciences, Purdue University},
	month = {April},
	year = {2003}
}

@techreport{KH02,
	institution = {George Washington University},
	author = {Kim, A. and Hoffman, L.},
	year = {2002},
	title = {Pricing {Napster} and other {Internet} peer-to-peer applications}
}

@inproceedings{PS02,
	booktitle = {Proc. of 1st International Workshop on Peer-to-Peer Systems (IPTPS'02)},
	title = {The Case for Cooperative Networking},
	address = {Cambridge, MA, USA},
	year = {2002},
	author = {Padmanabhan, V. and Sripanidkulchai, K.},
	month = {March}
}

@inproceedings{SP03,
	booktitle = {Proc. of 2nd International Workshop on Peer-to-Peer Systems (IPTPS'03)},
	address = {Berkeley, CA, USA},
	year = {2003},
	author = {Shneidman, J. and Parkes, D.},
	month = {February},
	title = {Rationality and Self-Interest in Peer-to-Peer Networks}
}

@article{Foster02,
	pages = {42-47},
	title = {The {Grid: A} New Infrastructure for 21st Century Science,},
	journal = {Physics Today},
	volume = {55},
	author = {I. Foster},
	number = {2},
	year = {2002},
	month = {February}
}

@inproceedings{FI03,
	booktitle = {Proc. of 2nd International Workshop on Peer-to-Peer Systems (IPTPS'03)},
	month = {February},
	year = {2003},
	author = {I. Foster and A. Iamnitchi},
	address = {Berkeley, CA, USA},
	title = {On Death, Taxes, and the Convergence of Peer-to-Peer and Grid Computing}
}

@inproceedings{splitstreamIPTPS,
	title = {{SplitStream: High-bandwidth} content distribution in a cooperative environment},
	booktitle = {Proc. of 2nd International Workshop on Peer-to-Peer Systems (IPTPS'03)},
	address = {Berkeley, CA, USA},
	year = {2003},
	month = {February},
	author = {Castro, M. and Druschel, P. Kermarrec, A. and Nandi, A. Rowstron, A. and Singh, A. }
}

@inproceedings{SM02DHT,
	month = {March},
	title = {Security considerations for peer-to-peer distributed hash tables},
	booktitle = {Proc. of 1st International Workshop on Peer-to-Peer Systems (IPTPS'02)},
	author = {Sit, E. and Morris, R.},
	address = {Cambridge, MA, USA},
	year = {2002}
}

@inproceedings{IRF02,
	author = {Iamnitchi, A. and Ripeanu, M. and Foster, I.},
	year = {2002},
	booktitle = {Proc. of 1st International Workshop on Peer-to-Peer Systems (IPTPS'02)},
	title = {Locating data in (small-world) peer-to-peer scientific collaborations},
	address = {Cambridge, MA, USA},
	month = {March}
}

@inproceedings{RF02,
	author = {Ripeanu, M. and Foster, I.},
	month = {March},
	year = {2002},
	title = {Mapping Gnutella network: {Macroscopic} properties of large-scale peer-to-peer systems},
	booktitle = {Proc. of 1st International Workshop on Peer-to-Peer Systems (IPTPS'02)},
	address = {Cambridge, MA, USA}
}

@inproceedings{SM02,
	author = {Stading, T. and Maniatis, P.},
	month = {March},
	address = {Cambridge, MA, USA},
	title = {Peer-to-peer caching schemes to address flash crowds},
	booktitle = {Proc. of 1st International Workshop on Peer-to-Peer Systems (IPTPS'02)},
	year = {2002}
}

@INPROCEEDINGS{KWX01, 
  AUTHOR =       {Krishnamurthy, B. and Wang, J. and Xie,Y.},
  TITLE =        {Early measurements of a cluster-based architecture for P2P systems},
  EDITOR =       {},
  BOOKTITLE =    {Proc. of ACM SIGCOMM Internet Measurement Workshop},
  YEAR =         {2001},
  MONTH =        {November},
  ADDRESS =      {San Francisco, CA, USA},
  PUBLISHER =    {},
  PAGES =        {},
  SERIES =       {},
  NOTE =         {}
}
@INPROCEEDINGS{VVFL02, 
  AUTHOR =       {Venkatramani, C. and Verscheure, O. and Frossard, P. and Lee, K.},
  TITLE =        {Optimal Proxy Management for Multimedia Streaming in Content
                    Distribution Networks},
  EDITOR =       {},
  BOOKTITLE =    {Proc. of ACM International Workshop on Network and Operating 
                  Systems Support for Digital Audio and Video (NOSSDAV'02)},
  YEAR =         {2002},
  MONTH =        {May},
  ADDRESS =      {Miami Beach, FL, USA},
  PUBLISHER =    {},
  PAGES =        {},
  SERIES =       {},
  NOTE =         {}
}



@inproceedings{KF02,
	author = {Kwon, M. and Fahmy, S.},
	year = {2002},
	address = {Miami Beach, FL, USA},
	month = {May},
	booktitle = {Proc. of ACM International Workshop on Network and Operating Systems Support for Digital Audio and Video (NOSSDAV'02)},
	title = {Topology-aware overlay networks for group communication}
}

@inproceedings{PWCS02,
	month = {May},
	booktitle = {Proc. of ACM International Workshop on Network and Operating Systems Support for Digital Audio and Video (NOSSDAV'02)},
	title = {Distributing Streaming Media Content Using Cooperative Networking},
	address = {Miami Beach, FL, USA},
	year = {2002},
	author = {Padmanabhan, V. and Wang, H. and Chou, P. and Sripanidkulchai, K.}
}

@inproceedings{ST97,
	title = {A dynamic theory of incentives in multi-agent systems},
	year = {1997},
	address = {Nagoya, Japan},
	author = {Shoham, Y. and Tanaka, K.},
	booktitle = {Proc. of IJCAI'97},
	pages = {626-631}
}

@article{GT01,
	pages = {405-414},
	title = {Threshold-Based Multicast for Continuous Media Delivery},
	volume = {3},
	author = {Gao, L. and Towsley, D.},
	number = {4},
	journal = {IEEE Transactions on Multimedia},
	year = {2001},
	month = {December}
}

@article{JAC02,
	author = {Jackson, M.O.},
	title = {Mechanism Theory},
	year = {2002},
	journal = {Encyclopedia of Life Support Systems, UNESCO-online}
}

@article{ROS73,
	journal = {The American Economic Review},
	pages = {134-139},
	title = {The economic theory of agency: {The} Principal's problem},
	volume = {63},
	author = {Ross, S.A.},
	number = {2},
	year = {1973},
	month = {December}
}

@article{AH00,
	year = {2000},
	month = {October},
	title = {Free riding on {Gnutella}},
	volume = {5},
	journal = {First Monday},
	author = {Adar, E. and Huberman, B.},
	number = {10}
}

@article{BA96,
	volume = {14},
	month = {August},
	author = {Barnett, S. and Anido, G.},
	number = {6},
	pages = {1173-1183},
	title = {A cost comparison of distributed and centralized approaches to video-on-demand},
	journal = {IEEE Journal on Selected Areas in Communications},
	year = {1996}
}

@article{CT01,
	year = {2001},
	month = {April},
	volume = {9},
	author = {Chan, S. and Tobagi, F.},
	journal = {IEEE/ACM Transactions on Networking},
	number = {2},
	pages = {125-136},
	title = {Distributed servers architecture for networked video services}
}

@article{RB02,
	month = {August},
	year = {2002},
	pages = {455-465},
	title = {Dynamic parallel access to replicated content in the {Internet}},
	journal = {IEEE/ACM Transactions on Networking},
	volume = {10},
	author = {Rodriguez, P. and Biersack, E.},
	number = {4}
}

@article{FJJ+01,
	journal = {IEEE/ACM Transactions on Networking},
	year = {2001},
	month = {October},
	pages = {525-540},
	volume = {9},
	title = {{IDMaps: A} global {Internet} host distance estimation service},
	author = {Francis, P. and Jamin, S. and Jin, C. and Jin, Y. and Raz, D. and Shavitt, Y. and Zhang, L.},
	number = {5}
}

@book{p2pbook,
	author = {Editor, Andy Oram:},
	title = {Peer-to-Peer: {Harnessing} the benefits of a disruptive technology},
	year = {2001},
	alteditor = {Edited by: Andy Oram},
	publisher = {O'Reilly}
}

@book{MWG95,
	author = {Mas-Colell, A. and Winston, M. and Green, J.},
	address = {New York},
	year = {1995},
	publisher = {Oxford University Press},
	title = {Microeconomic Theory}
}

@inproceedings{KW00,
	title = {On Network-Aware Clustering of Web Clients},
	year = {2000},
	address = {Stockholm, Sweden},
	month = {August},
	booktitle = {Proc. of ACM SIGCOMM'00},
	author = {Krishnamurthy, B. and Wang, J.}
}

@inproceedings{FHPW00,
	year = {2000},
	booktitle = {Proc. of ACM SIGCOMM'00},
	month = {August},
	address = {Stockholm, Sweden},
	author = {Floyd, S. and Handley, M. and Padhye, J. and Widmer, J. },
	title = {Equation-based congestion control for unicast applications}
}

@inproceedings{PFTK98,
	author = {Padhye, J. and Firoiu, V. and Towsley, D. and Kuros, J.},
	address = {Vancouver, Canada},
	year = {1998},
	booktitle = {Proc. of ACM SIGCOMM'98},
	month = {August},
	pages = {303-314},
	title = {Modeling {TCP} Throughput: {A} Simple Model and its Empirical Validation}
}

@misc{HFPW03,
	author = {Handley, M. and Floyd, S. and Padhye, J. and Widmer, J.},
	month = {January},
	howpublished = {RFC 3448},
	year = {2003},
	title = {{TCP} Friendly rate control {(TFRC): Protocol} specification}
}

@inproceedings{CS02,
	pages = {177-190},
	booktitle = {Proc. of ACM SIGCOMM'02},
	title = {Replication Strategies in Unstructured Peer-to-peer Networks},
	author = {Choen, E. and Shenker, S.},
	address = {Pittsburgh, PA, USA},
	year = {2002},
	month = {August}
}

@inproceedings{nice,
	pages = {205-220},
	title = {Scalable application layer multicast},
	year = {2002},
	address = {Pittsburgh, PA, USA},
	booktitle = {Proc. of ACM SIGCOMM'02},
	author = {Banerjee, S. and Bhattacharjee, B. and Kommareddy, C. and Varghese, G.},
	month = {August}
}

@inproceedings{JD02,
	author = {Jain, M. and Dovrolis, C.},
	year = {2002},
	address = {Pittsburgh, PA, USA},
	month = {August},
	booktitle = {Proc. of ACM SIGCOMM'02},
	pages = {295-308},
	title = {End-to-end available bandwidth: {Measurement} methodology, dynamics, and relation with {TCP} throughput}
}

@inproceedings{condor,
	month = {June},
	author = {M. Litzkow and M. Livny and M. Mutka},
	pages = {104-111},
	title = {{Condor} -- A hunter for idle workstations},
	year = {1988},
	booktitle = {Proc. of IEEE International Conference on Distributed Computing Systems (ICDCS'88)},
	address = {San Jose, CA, USA}
}

@inproceedings{XHHB02,
	month = {July},
	year = {2002},
	title = {On Peer-to-Peer Media streaming},
	address = {Vienna, Austria},
	author = {Xu, D. and Hefeeda, M. and Hambrusch, S. and Bhargava, B.},
	booktitle = {Proc. of IEEE International Conference on Distributed Computing Systems (ICDCS'02)}
}

@inproceedings{JBI02,
	address = {Vienna, Austria},
	year = {2002},
	author = {Jin, S. and Bestavros, A. and Iyengar, A.},
	month = {July},
	booktitle = {Proc. of IEEE International Conference on Distributed Computing Systems (ICDCS'02)},
	title = {Accelerating {Internet} Streaming Media Delivery using Network-aware partial caching}
}

@inproceedings{can,
	author = {Ratnasamy, S. and Francis, P. and Handley, M. and Karp, R. and Shenker, S.},
	year = {2001},
	booktitle = {Proc. of ACM SIGCOMM'01},
	address = {San Diego, CA, USA},
	month = {August},
	title = {A Scalable Content-Addressable Network}
}

@inproceedings{GLM01b,
	address = {Tampa, FL, USA},
	month = {October},
	pages = {14-17},
	year = {2001},
	title = {Incentives for sharing in peer-to-peer networks},
	author = {Golle, P. and Leyton-Brown, K. and Mironov, I.},
	booktitle = {Proc. of ACM Conference on Electronic Commerce (EC'01)}
}

@inproceedings{NK98,
	author = {Nilsson, S. and Karlssom, G.},
	month = {February},
	pages = {9-18},
	year = {1998},
	title = {Fast address lookup for {Internet} routers},
	booktitle = {Proc. of Algorithms and Experiments (ALEX98)},
	editor = {R. Battiti and A. A. Bertossi},
	address = {Trento, Italy}
}

@article{RBD01,
	journal = {IEEE Network Magazine},
	author = {Ruiz-Sanchez, M. and Biersack, E. and Dabbous, W.},
	month = {March/April},
	pages = {8-23},
	year = {2001},
	title = {Survey and Taxonomy of {IP} Address Lookup Algorithms}
}

@inproceedings{chord,
	author = {Stoica, I. and Morris, R. and Kaashoek, M. and Balakrishnan, H. },
	address = {San Diego, CA, USA},
	year = {2001},
	month = {August},
	booktitle = {Proc. of ACM SIGCOMM'01},
	title = {Chord: {A} Scalable Peer-to-Peer Lookup Service for {Internet} Applications}
}

@inproceedings{pixie,
	year = {2002},
	booktitle = {Proc. of ACM Multimedia'02},
	address = {Juan Les Pins, France},
	month = {December},
	title = {Pixie: {A} jukebox architecture to support efficient peer content exchange},
	author = {Rollins, S. and Almeroth, K.}
}

@inproceedings{pastry,
	booktitle = {Proc. of 18th IFIP/ACM International Conference on Distributed Systems Platforms (Middleware'01)},
	title = {Pastry: {Scalable}, Distributed Object Location and Routing for Large-Scale Peer-to-Peer Systems},
	address = {Heidelberg, Germany},
	author = {Rowstron, A. and Druschel, P.},
	year = {2001},
	month = {November}
}

@inproceedings{past,
	month = {October},
	booktitle = {Proc. of 18th ACM Symposium on Operating Systems Principles (SOSP'01)},
	title = {Storage Management in Past, a Large-Scale, persistent Peer-to-Peer Storage Utility},
	author = {Rowstron, A. and Druschel, P.},
	year = {2001},
	address = {Chateau Lake Louise, Banff, Canada}
}

@article{tapestry,
	pages = {41-53},
	title = {Tapestry: {A} resilient global-scale overlay for service deployment},
	volume = {22},
	author = {B. Zhao and L. Huang and J. Stribling and S. Rhea and A. Joseph and J. Kubiatowicz},
	number = {1},
	year = {2004},
	journal = {IEEE Journal on Selected Areas in Communications},
	month = {January}
}

@inproceedings{YG03,
	booktitle = {Proc. of International Conference on Data Engineering (ICDE'03)},
	title = {Designing A Super-peer network},
	year = {2003},
	address = {Bangalore, India},
	month = {March},
	author = {Yang, B. and Garcia-Molina, H.}
}

@inproceedings{YG02,
	year = {2002},
	month = {July},
	address = {Vienna, Austria},
	author = {Yang, B. and Garcia-Molina, H.},
	booktitle = {Proc. of IEEE International Conference on Distributed Computing Systems (ICDCS'02)},
	title = {Efficient search in peer-to-peer networks}
}

@inproceedings{oceanstore,
	year = {2000},
	month = {November},
	booktitle = {Proc. of Ninth International Conference on Architectural Support for Programming Languages and Operating Systems (ASPLOS'00)},
	pages = {190-201},
	author = {J. Kubiatowicz et al.},
	title = {OceanStore: {An} architecture for global-scale persistent storage},
	address = {Boston, MA, USA}
}

@inproceedings{pond,
	author = {S. Rhea and P. Eaton and D. Geels and H. Weatherspoon and B. Zhao J. Kubiatowicz},
	title = {Pond: {The OceanStore} Prototype},
	year = {2003},
	address = {San Francisco, CA, USA},
	booktitle = {Proc. of 2nd USENIX Conference on File and Storage Technologies (FAST'03)},
	month = {March}
}

@inproceedings{KLL+97,
	booktitle = {Proc. of 29th Annual ACM Symposium on The Theory of Computing},
	address = {El Paso, TX, USA},
	year = {1997},
	author = {Karger, D. and Lehman, E. and Leighton, F. and Kevine, M. and Lewin, D. and Panigraphy },
	month = {May},
	pages = {654-663},
	title = {Consistent hashing and random trees: {Distributed} cashing protocols for relieving the hot spots on the World Wide Web}
}

@inproceedings{DKK+01,
	month = {May},
	pages = {71-76},
	booktitle = {Proc. of 8th IEEE Workshop on Hot Topics in Operating Systems (HotOS-VIII)},
	year = {2001},
	title = {Building peer-to-peer systems with Chord, a distributed lookup service},
	address = {Elmau/Oberbayern, Germany},
	author = {Dabek, F. and Kaashoek, M. and Karger, D. and Morris, D. and Stoica, I. and Balakrishnan, H.}
}

@inproceedings{DKKMS01,
	author = {Dabek, F. and Kaashoek, M. and Karger, D. and Morris, D. and Stoica, I.},
	booktitle = {Proc. of 18th ACM Symposium on Operating Systems Principles (SOSP'01)},
	title = {Wide-area cooperative storage with {CFS}},
	address = {Banff, Canada},
	year = {2001},
	month = {October},
	pages = {202-215}
}

@inproceedings{GHI+01,
	booktitle = {Proc. of WebDB Workshop on Databases and the Web },
	year = {2001},
	author = {Gribble, S. and Havely, A. and Ives, Z. and Rodrig, M. and Suciu D.},
	title = {What can Databases Do for Peer-to-Peer?}
}

@inproceedings{ZDPS01,
	address = {San Francisco, CA, USA},
	title = {On the Constancy of {Internet} Path Properties},
	author = {Zhang, Y. and Duffield, N. and Paxon, V. and Shenker, S.},
	year = {2001},
	month = {November},
	booktitle = {Proc. of ACM SIGCOMM Internet Measurement Workshop}
}

@inproceedings{SGG02,
	address = {San Jose, CA, USA},
	booktitle = {Proc. of Multimedia Computing and Networking (MMCN'02)},
	author = {Saroiu, S. and Gummadi,P. and Gribble, S.},
	year = {2002},
	month = {Jan.},
	title = {A Measurement Study of Peer-to-Peer File Sharing Systems}
}

@inproceedings{NZ02a,
	author = {Nguyen, T. and Zakhor, A.},
	year = {2002},
	booktitle = {Proc. of Multimedia Computing and Networking (MMCN'02)},
	month = {January},
	address = {San Jose, CA, USA},
	title = {Distributed Video streaming over {Internet}}
}

@inproceedings{DS01,
	month = {June},
	author = {Dutta, A. and Schulzrinne, H.},
	booktitle = {Proc. of ICC'01},
	title = {A Streaming Architecture for Next Generation {Internet}},
	address = {Helsinki, Finland},
	year = {2001}
}

@techreport{KST02,
	note = {Working Paper},
	title = {The Economics of Peer-to-Peer Networks},
	year = {2002},
	month = {August},
	institution = {H. John Heinz III School of Public Policy and Management, Carnegie Mellon University},
	author = {Krishnan, R. and Smith, M. and Telang, R.}
}

@inproceedings{KSTT02,
	year = {2002},
	booktitle = {Twenty-Third International Conference on Information Systems},
	author = {Krishnan, R. and Smith, M. and Tang, Z. and Telang, R.},
	month = {December},
	address = {Barcelona, Spain},
	title = {The Virtual Commons: {Why} Free-Riding Can Be Tolerated in File Sharing Networks}
}

@inproceedings{FS02,
	booktitle = {Sixth International Workshop on Discrete Algorithms and Methods for Mobile Computing and Communications (DIALM'02)},
	month = {September},
	year = {2002},
	address = {Atlanta, GA, USA},
	title = {Distributed Algorithmic Mechanism Design: {Recent} Results and Future Directions},
	author = {Feigenbaum, J. and Shenker, S.},
	optpublisher = {ACM Press}
}

@inproceedings{FPSS02,
	year = {2002},
	booktitle = {Proc. of the 21st ACM Symposium on Principles of Distributed Computing (PODC'02)},
	author = {Feigenbaum, J. and Papadimitriou, C. Sami, R. and Shenker, S.},
	month = {July},
	pages = {173-182},
	title = {A {BGP}-Based Mechanism for Lowest-Cost Routing},
	address = {Monterey, CA, USA},
	optpublisher = {ACM Press}
}

@article{NR01,
	volume = {35},
	author = {Nisan, N. and Ronen, A.},
	year = {2001},
	pages = {166-169},
	title = {Algorithmic Mechanism Design},
	journal = {Games and Economic Behavior}
}

@article{FPS01,
	title = {Sharing the Cost of Multicast Transmission },
	volume = {63},
	journal = {Journal of Computer and System Sciences},
	author = {Feigenbaum, J. and Papadimitriou, C. and Shenker, S.},
	year = {2001},
	pages = {21-41}
}

@article{PR84,
	volume = {24},
	author = {Palfrey, T. and Rosenthal, H.},
	year = {1984},
	journal = {Journal of Public Economics},
	pages = {171-193},
	title = {Participation and the provisioning of discrete public goods: {A} strategic analysis}
}

@techreport{HP01,
	title = {Free riding on altruism and group size},
	year = {2001},
	institution = {University of London},
	note = {Working Paper},
	author = {Hindriks, J. and Pancs, R.}
}

@inproceedings{BM01,
	booktitle = {Proc. of 4th IEEE Workshop on Workload Characterization (WWC'01)},
	month = {December},
	author = {Bestavros, A. and Mehrotra S.},
	address = {Austin, TX, USA},
	title = {{DNS}-based {Internet} client clustering and characterization},
	year = {2001}
}

@techreport{ACKS02,
	note = {Working Paper},
	author = {Asvanund, A. and Clay, K. and Krishnan, R. and Smith, M.},
	title = {An Empirical Analysis of Networks with Externalities in {P2P} Music-Sharing Networks},
	institution = {H. John Heinz III School of Public Policy and Management, Carnegie Mellon University},
	year = {2002},
	month = {July}
}

@techreport{DBM01,
	institution = {Stanford University},
	year = {2001},
	title = {Streaming Live Media over Peer-to-Peer Network},
	author = {Deshpande, H. and Bawa, M. and Garcia-Molina, H.}
}

@misc{myHomePage,
	author = {Mohamed Hefeeda's Home Page},
	title = {\url{http://www.cs.purdue.edu/homes/mhefeeda}}
}

@misc{collaborativeHomePage,
	title = {Collaborative Information Sharing Project},
	note = {\url{http://www.cs.purdue.edu/homes/bb/p2p}},
	key = {collaborative}
}

@misc{planetlab,
	title = {{PlanetLab Home Page}},
	note = {\url{http://www.planet-lab.org/}},
	key = {planetlab}
}

@misc{seti,
	note = {\url{http://setiathome.ssl.berkeley.edu/}},
	key = {seti},
	title = {{SETI@home Home Page}}
}

@misc{genome,
	key = {genome},
	title = {Genome@home Home Page},
	note = {\url{http://www.stanford.edu/group/pandegroup/genome/}}
}

@misc{distributed.net,
	key = {distributed},
	note = {\url{http://www.distributed.net/}},
	title = {Distributed.Net Home Page}
}

@misc{pathload,
	key = {pathload},
	note = {\url{http://www.cc.gatech.edu/fac/Constantinos.Dovrolis/pathload.html/}},
	title = {Pathload Home Page}
}

@misc{videoTraces,
	note = {\url{http://www-tkn.ee.tu-berlin.de/research/trace/ltvt.html}},
	title = {{MPEG-4} movie traces},
	key = {traces}
}

@misc{akamai,
	note = {\url{http://www.akamai.com}},
	title = {Akamai Home Page},
	key = {akamai}
}

@misc{RouteViews,
	title = {\url{http://antc.uoregon.edu/route-views/}},
	author = {University of Oregon Route Views Project}
}

@misc{RIPE,
	note = {\url{http://www.ripe.net/}}, 
	title = {{RIPE Network Coordination Project}}
}

@misc{mrt,
	title = {\url{http://www.mrtd.net/}},
	author = {Multi-Threaded Routing Toolkit Home Page}
}

@misc{digital_island,
	author = {Digital Island Home Page},
	title = {\url{http://www.digitalisland.com}}
}

@misc{ns2,
	title = {The Network Simulator},
	note = {\url{http://www.isi.edu/nsnam/ns/}},
	key = {ns}
}

@misc{abing,
	title = {Abing Project Page},
	note = {\url{http://www-iepm.slac.stanford.edu/tools/abing/}},
	key = {abing}
}


@misc{gnustream,
	title = {\url{http://www.cs.purdue.edu/home/jiangx/GnuStream}},
	author = {P2P media streaming prototype}
}

@misc{napster,
	author = {Napster Home Page},
	title = {\url{http://www.napster.com}}
}

@misc{fasttrack,
	title = {\url{http://http://www.kazza.com/}},
	author = {FastTrack Home Page}
}

@misc{morpheus,
	author = {Morpheus Home Page},
	title = {\url{http://www.musiccity.com}}
}

@misc{gnutella,
	key = {gnutella},
	note = {\url{http://www.gnutella.com}},
	author = {Gnutella Home Page},
	title = {{Gnutella Home Page}}
}

@misc{kazaa,
	key = {kazaa},
	author = {Kazaa Home Page},
	note = {\url{http://www.kazaa.com}},
	title = {{Kazaa Home Page}}
}

@misc{freenet,
	author = {Freenet Home Page},
	title = {\url{http://www.freenet.sourceforge.com}}
}

@misc{ohaha,
	author = {Ohaha, Smart Decentralized Peer-to-Peer Sharing},
	title = {\url{http://www.ohaha.com/design.html}}
}

@inproceedings{CAZ01,
	author = {Clay,L. and Ammar, M. and Zegura, E.},
	title = {Protocols for Selection Among Replicated Multicast Servers},
	year = {2001},
	booktitle = { IEEE xxx }
}

@techreport{HZA01,
	title = {Supporting server selection in differentiated services networks},
	author = {Hao, F and Zegura, E. and Ammar, M.},
	institution = {Georgia Techs},
	language = {English},
	year = {2000},
	country = {USA},
	location = {Georgia Tech technical report GIT-CC-00-xx}
}

@inproceedings{JJJ00,
	pages = {295-304},
	title = {On the Placement of {Internet} Instrumentation},
	year = {2000},
	author = {Jamin, S. and Jin, C. and Jin, Y. and Raz, D. and Shavitt, Y. and Zhang, L.},
	booktitle = {Proc. of INFOCOM'00}
}

@inproceedings{HBB00,
	address = {Osaka, Japan},
	year = {2000},
	author = {Harfoush, K. and Bestavros, A. and Byers, J.},
	booktitle = {Proc. 8th International Conference on Network Protocols (ICNP'00)},
	month = {November},
	title = {Robust Identification of shared losses using end-to-end unicast probing}
}

@inproceedings{MDZ99,
	year = {1999},
	month = {March},
	author = {Myers, A. and Dinda, P. and Zhang, H},
	title = {Performance Characteristics of Mirror Servers on the {Internet}},
	booktitle = {Proc. of IEEE INFOCOM'99},
	publisher = {IEEE}
}

@inproceedings{BBH02,
	author = {Bestavros, A. and Byers, J. and Harfoush, K.},
	optpublisher = {IEEE},
	month = {June},
	booktitle = {Proc. of IEEE INFOCOM'02},
	year = {2002},
	title = {Inference and Labeling of Metric-Induced Network Topologies},
	address = {New York, NY, USA}
}

@inproceedings{PQW03,
	month = {April},
	address = {San Francisco, CA, USA},
	title = {Server-based Inference of {Internet} Link Lossiness},
	year = {2003},
	booktitle = {Proc. of IEEE INFOCOM'03},
	author = {Padmanabhan, V. and Qiu, L. and Wang, H.}
}

@inproceedings{zigzag,
	title = {Zigzag: {An} efficient peer-to-peer scheme for media streaming},
	year = {2003},
	author = {Tran, D. and Hua, K. and Do, T.},
	address = {San Francisco, CA, USA},
	month = {April},
	booktitle = {Proc. of IEEE INFOCOM'03}
}

@inproceedings{DPPT01,
	title = {Inferring Link Loss Using Stripped Unicast Probes},
	publisher = {IEEE},
	author = {Duffield, N.G. and Presti. F. and Paxon,V. and Towsley, D.},
	year = {2001},
	address = {Anchorage, Alaska},
	month = {April},
	booktitle = {Proc. of IEEE INFOCOM'01}
}

@inproceedings{YHE02,
	year = {2002},
	month = {June},
	title = {An Energy-Efficient {MAC} Protocol for Wireless Sensor Networks},
	address = {New York, NY},
	booktitle = {Proc. of IEEE INFOCOM'02},
	author = {Ye, W. and Heidemann, J. and Estrin, D.},
	optpublisher = {IEEE}
}

@inproceedings{BCG02,
	booktitle = {Proc. of IEEE INFOCOM'02},
	month = {June},
	title = {Cache placement methods based on client demand clustering},
	year = {2002},
	address = {New York, NY},
	author = {Barford, P. and Cai, J. and Gast, J.},
	optpublisher = {IEEE}
}

@inproceedings{QCSS02,
	optpublisher = {IEEE},
	address = {New York, NY},
	month = {June},
	author = {Qia, D. and Choi, S. and Soomro, A. and Shin, K.},
	booktitle = {Proc. of IEEE INFOCOM'02},
	title = {Energy-Efficient {PCF} Operation of {IEEE 802.11a} Wireless {LAN}},
	year = {2002}
}

@inproceedings{GDG+03,
	year = {2003},
	title = {Using {IEEE 802.11e MAC} for {QoS} over Wireless},
	publisher = {IEEE},
	author = {Grag, P. and Doshi, R. and Greene, R. and Baker, M. and Malek, M. and Cheng, X.},
	address = {Phoenix, Arizona},
	booktitle = {To appear in The Proceedings of the 22nd IEEE International Performance Computing and Communications Conference (IPCCC 2003)},
	month = {April}
}

@article{SK97,
	year = {1997},
	journal = {IEICE Transactions on Communications,},
	pages = {1125-31},
	volume = {E80-B},
	author = {Stemm, M. and Katz, R.},
	number = {8},
	title = {Measuring and Reducing Energy Consumption of Network Interfaces in Hand-Held Devices}
}

@misc{PMM93,
	title = {Host Anycasting Service},
	author = {Partridge,C. and Mendez, C. and Milliken, W.},
	year = {1993},
	howpublished = {RFC 1546}
}

@article{SW04,
	journal = {IEEE/ACM Transactions on Networking},
	month = {April},
	volume = {12},
	pages = {219-232},
	author = {S. Sen and J. Wang},
	number = {2},
	title = {Analyzing peer-to-peer traffic across large networks},
	year = {2004}
	}

@book{FK04,
	title = {The {Grid: Blueprint} for a New Computing Infrastructure},
	year = {2004},
	author = {I. Foster and C. Kesselman},
	publisher = {Morgan Kaufmann}
}

@inproceedings{BFHM03,
	author = {A. Butt and X. Fang and Y. Hu and S. Midkiff},
	month = {May },
	year = { 2004},
	title = {Java, Peer-to-Peer, and Accountability: {Building} Blocks for Distributed Cycle Sharing},
	note = {To appear},
	address = {San Jose, CA, USA},
	booktitle = {Proc. of 3rd USENIX Virtual Machines Research and Technology Symposium (VM'04)}
}

@inproceedings{BZH03,
	year = {2003},
	author = {A. Butt and R. Zhang and Y. Hu},
	month = {November},
	booktitle = {Proc. of IEEE/ACM Super Computing Conference (SC'03)},
	title = {A Self Organizing Flock of Condors},
	optaddress = {Phoenix, AZ, USA}
}

@inproceedings{SWA03,
	year = {2003},
	author = {Spring, N. and Wetherall, D. and Anderson, T.},
	month = {March},
	title = {Scriptroute: {A public Internet} measurement facility},
	address = {Seattle, Washington, USA},
	booktitle = {Proc. 4th USENIX Symposium on Internet Technologies and Systems (USITS'03)}
}

@inproceedings{GGG+03,
	author = {K. Gummadi and R. Gummadi and S. Gribble and S. Ratnasamy and S. Shenker and I. Stoica},
	month = {August},
	title = {The Impact of {DHT} Routing Geometry on Resilience and Proximity},
	address = {Karlsruhe, Germany},
	year = {2003},
	booktitle = {Proc. of ACM SIGCOMM'03}
}

@inproceedings{LKRG03,
	author = {D. Loguinov and A. Kumar and V. Rai and S. Ganesh},
	month = {August},
	title = {Graph-Theoretic Analysis of Structured Peer-to-Peer Systems: {Routing} Distances and Fault Resilience},
	address = {Karlsruhe, Germany},
	year = {2003},
	booktitle = {Proc. of ACM SIGCOMM'03}
}

@inproceedings{TXD03,
	booktitle = {Proc. of ACM SIGCOMM'03},
	month = {August},
	title = {Peer-to-Peer Information Retrieval Using Self-Organizing Semantic Overlay Networks},
	author = {C. Tang and Z. Xu and S. Dwarkadas},
	address = {Karlsruhe, Germany},
	year = {2003}
}

@inproceedings{NPB03,
	year = {2003},
	month = {August},
	booktitle = {Proc. of ACM SIGCOMM'03},
	author = {Nakao, A. and Peterson, L. and Bavier, A.},
	title = {A Routing underlay for overlay networks},
	address = {Karlsruhe, Germany}
}

@inproceedings{CRB+03,
	booktitle = {Proc. of ACM SIGCOMM'03},
	year = {2003},
	month = {August},
	pages = {407-418},
	author = {Y. Chawathe and S. Ratnasamy and L. Breslau and N. Lanham and S. Shenker},
	title = {Making {Gnutella}-like {P2P} systems scalable},
	address = {Karlsruhe, Germany}
}

@inproceedings{ZTY01,
	booktitle = {IEEE xxxx},
	title = {Demand-driven Service Differentiation in Cluster-based Network Servers},
	year = {2001},
	author = {Zhu, H.and Tang, H. and Yang, T.}
}

@article{CDZ97,
	author = {Calvert, K. and Doar, M. and Zegura, E},
	year = {1997},
	booktitle = {IEEE Communications Magazine},
	pages = {35:160-163},
	title = {Modeling {Internet} topology}
}

@article{EV99,
	volume = {13},
	month = {September/October},
	author = {Edell, R. and Varaiya, P.},
	number = {5},
	pages = {18-25},
	title = {Providing {Internet} Access: {What} we learn from {INDEX}},
	year = {1999},
	journal = {IEEE Network Magazine}
}

@inproceedings{leland93selfsimilar,
	address = {San Francisco, California},
	year = {1993},
	author = {Will E. Leland and Murad S. Taqq and Walter Willinger and Daniel V. Wilson},
	booktitle = {{ACM} {SIGCOMM'93}},
	pages = {183-193},
	title = {On the self-similar nature of {Ethernet} traffic},
	editor = {Deepinder P. Sidhu}
}

@inproceedings{DGG99,
	year = {1999},
	url = {citeseer.nj.nec.com/duffield99flexible.html},
	booktitle = {{SIGCOMM}},
	pages = {95-108},
	author = {Duffield, N. and Goyal, P. and Greenberg, A. and Mishra, P. and Ramakrishnan, K. and van der Merive, J.},
	title = {A Flexible Model for Resource Management in Virtual Private Networks}
}

@inproceedings{BiBa01,
	year = {November. 2001},
	author = {Perrig, A.},
	address = {Philadelphia, PA},
	booktitle = {Proc.. {ACM} Conference on Computer and Communications Security},
	pages = {28-37},
	title = {The {BiBa} one-time signature and broadcast authentication protocol}
}

@inproceedings{betterBiBa02,
	booktitle = {Proc.. 7th Australasian Conference ACSIP},
	year = {Sept. 2002},
	title = {Better than {BiBa: Short} One-time Signatures with Fast Signing and Verifying},
	author = {Reyzin, L. and Reyzin, N.}
}

@inproceedings{EMSS01,
	booktitle = {Proc.. Network and Distributed System Security Symposium, NDSS},
	title = {Efficient and Secure Source Authentication for Multicast},
	author = {Perrig,A. and Canetti, R. and Song, D. and Tygar, D.},
	year = {Feb. 2001},
	address = {San Diego, CA}
}

@misc{RFC1321,
	title = {{RFC 1321: The MD5} Message-Digest Algorithm},
	author = {R. Rivest},
	year = {1992},
	month =  Apr
}

@inproceedings{RSA78,
	title = {A method for obtaining digital signature and public key cryptosystems},
	author = {Rivest, R. L. and Shamir, A. and Adleman, L. M.},
	year = {Feb. 1978},
	booktitle = {Communication of the {ACM}},
	pages = {120-126}
}

@inproceedings{R99,
	year = {Nov. 1999},
	booktitle = {Proc. {ACM} Conference on Computer and Communications Security},
	pages = {93-100},
	author = {Rohatgi, P.},
	title = {A compact and fast hybrid signature scheme for multicast packet}
}

@inproceedings{WL98,
	booktitle = {Proc. International Conference on Network Protocol (ICNP)},
	month = {October},
	year = {1998},
	title = {Digital signatures for flows and multicasts},
	author = {Wong, C. K. and Lam, S. S.}
}

@inproceedings{SecurityP2P02,
	booktitle = {Proc. Symposium on Operating Systems Design and Implementation (OSDI'02)},
	title = {Secure routing for structured peer-to-peer overlay networks},
	author = {Castro, M. and Druschel, P. and Ganesh, A. and Rowstron, A. and Wallach, D. S.},
	month = {December}, 
	year = {2002}
}

@inproceedings{EMSS00,
	year = {Nov. 2000},
	booktitle = {Proc. {IEEE} Symposium on Security and Privacy},
	pages = {56-73},
	title = {Efficient Authentication and Signing of Multicast Streams over Lossy Channels},
	author = {Perrig, A. and Canetti, R. and Tygar, J. D. and Song, D. X.}
}

@techreport{GR97,
	institution = {IBM T. J. Watson research center},
	title = {How to sign digital streams},
	year = {1997},
	author = {Gennaro, R. and Rohatgi, P.}
}

@techreport{L79,
	author = {Lamport, L.},
	month = {October},
	year = {1979},
	title = {Constructing digital signatures from a one-way function},
	institution = {SRI-CSL-98, SRI International Computer Science Laboratory}
}

@inproceedings{Escrow01,
	title = {Escrow services and incentives in peer-to-peer networks},
	month = {October},
	year = {2001},
	booktitle = {Proc. {ACM} Electronic Commerce (EC)},
	author = {Horne, B. and Pinkas, B. and Sander, T.}
}

@misc{HMAC,
	howitpublished = {RFC 2104},
	author = {Krawcayk, H. and Bellare, M. and Canetti, R.},
	year = {1997},
	title = {{HMAC: Keyed}-Hashing for Message Authentication, {RFC} 2104}
}

@inproceedings{SAIDA02,
	booktitle = {Proc. {IEEE} Symposium on Security and Privacy },
	author = {Park, J. M. and Chong, E. and Siegel, H.},
	year = {May 2002},
	title = {Efficient multicast packet authentication using signature amortization}
}

@inproceedings{GM01,
	author = {Golle, P. and Modadugu, N.},
	booktitle = {Proc. Network and Distributed System Security Symposium (NDSS'01) },
	pages = {13-22},
	year = {Feb. 2001},
	title = {Authenticating streamed data in the presence of random packet loss}
}

@misc{Cauchy,
	title = {Cauchy-based Reed-Solomon codes},
	howpublished = {available at http://www.icsi.berkeley.edu/$\tilde{~~}$luby/}
}

@misc{AM01,
	year = {2001},
	month = {September},
	title = {Pricing a congestible network: {Efficiency} and implementability},
	author = {Afeche, P. and Mendelson, H.},
	howpublished = {Working paper, Kellogg School of Management}
}

@misc{AM02,
	title = {Priority auction vs. uniform pricing in queuing systems with a generalized delay cost structure},
	author = {Afeche, P. and Mendelson, H.},
	year = {2002},
	howpublished = {Under review for publication in Management Science}
}

@misc{Af02a,
	author = {Afeche, P.},
	howpublished = {Under review for publication in Handbook of Electronic Commerce},
	title = {Pricing data network transport services: {Review} and directions},
	year = {2002}
}

@misc{Af02b,
	author = {Afeche, P.},
	month = {December},
	year = {2002},
	title = {Optimal mechanism design under capacity constraints in delay-sensitive markets},
	howpublished = {Working paper, Kellogg School of Management}
}

@misc{Af02c,
	title = {Mechanism competition in delay-sensitive markets},
	howpublished = {In preparation},
	year = {2002},
	author = {Afeche, P.}
}

@misc{MF97,
	author = {McCanne, S. and Floyd, S.},
	title = {Network Simulator ns-2},
	language = {English},
	howpublished = {\url{http://www.isi.edu/nsnam/ns/}},
	year = {1997}
}

@misc{HXAB02,
	title = {Verifying data integrity in peer-to-peer video streaming},
	howpublished = {submitted for publications},
	year = {Feb. 2003},
	author = {Habib, A. and Xu, D. and Atallah, M. and Bhargava, B.}
}

@article{WL99,
	pages = {502-513},
	title = {Digital signatures for flows and multicasts},
	volume = {7},
	author = {Wong, C. and Lam, S.},
	number = {4},
	journal = {IEEE/ACM Transactions on Networking},
	month = {August},
	year = {1999},
	issn = {1063-6692}
}

@inproceedings{marti00mitigating,
	year = {2000},
	booktitle = {Proceedings of the Sixth annual ACM/IEEE International Conference on Mobile Computing and Networking},
	title = {Mitigating routing misbehavior in mobile ad hoc networks},
	author = {S. Marti and T. J. Giuli and K. Lai and M. Baker}
}

@inproceedings{Lu-Self-Secu:02,
	title = {Self-Organized Network-Layer Security in Mobile Ad Hoc Networks},
	year = {2002},
	author = {H. Yang and X. Meng and S. Lu},
	booktitle = {Proceedings of ACM Workshop on Wireless Security (WiSe)}
}

@inproceedings{Perrig:01,
	title = {Efficient and secure source authentication for multicast},
	booktitle = {Proceedings of Network and Distributed System Security Symp osium(NDSS)},
	author = {A. Perrig and R. Canetti and D. Song and J. Tygar},
	year = {2001}
}

@techreport{Intel:02,
	type = {Tech Report of Intel IRB-TR-02-009},
	author = {P. Barham and S. Hand and R. Isaacs and P. Jardetzky and R. Mortier and T. Roscoe},
	title = {Techniques for Lightweight Concealment and Authentication in IP Networks},
	institution = {INTEL Research},
	year = {2002}
}

@inproceedings{TrustVirtual:00,
	title = {Supporting trust in virtual communities},
	author = {A. Rahman and S. Hailes},
	booktitle = {Proceedings of the 33rd Hawaii International Conference on Systems Science},
	year = {2000}
}

@inproceedings{Trustp2p:01,
	author = {K. Aberer and Z. Despotovic},
	title = {Managing trust in a peer-2-peer information system},
	year = {2001},
	booktitle = {Proceedings of the 10th International Conference on Information and Knowledge Management (CIKM)}
}

@phdthesis{formtrust:94,
	title = {Formalizing trust as a computational concept},
	year = {1994},
	school = {Department of Computing Science and Mathematics, University of Stirling},
	author = {S. Marsh},
	month = {Apr.}
}

@article{DisManage:02,
	volumn = {18(4)},
	page = {535-549},
	author = {B. Yu and M. Singh},
	title = {Distributed reputation management for electronic commerce},
	year = {2002},
	journal = {Computational Intelligence}
}

@inproceedings{socila:00,
	author = {B. Yu and M. Singh},
	year = {2000},
	title = {A social mechanism of reputation management in electronic communities},
	page = {154-165},
	booktitle = {Proceedings of 4th International Workshop on Cooperative Information Agents}
}

@techreport{zhong:03,
	year = {2003},
	institution = {Department of computer sciences, Purdue University},
	title = {An adaptive trust model},
	author = {Y. Zhong and B. Bhargava}
}

@article{Fuzz:01,
	year = {2001},
	journal = {International Journal of Uncertainty, Fuzziness and Knowledge-Based System},
	volumn = {9(3)},
	author = {A. Josang},
	title = {A logic for uncertain probabilities}
}

@inproceedings{KRP05,
	author = {T. Karagiannis and P. Rodriguez and K. Papagiannaki},
	address = {Berkeley, CA},
	month =  {October},
	pages = {63-76},
	title = {Should {Internet} Service Providers Fear Peer-Assisted Content Distribution?},
	year =  {2005},
	booktitle = {Proc. of {ACM} Conference on Internet Measurement ({IMC'05})}
}

@inproceedings{FVFB05,
	author = {M. Freedman and M. Vutukuru and N. Feamster and H. Balakrishnan},
	address = {Berkeley, CA},
	month =  {October},
	pages = {153-158},
	title = {Geographic Locality of {IP} Prefixes}, 
	year =  {2005},
	booktitle = {Proc. of Internet Measurement Conference (IMC'05)}
}

@inproceedings{squirrel,
	author = {S. Iyer and A. Rowstron and P. Druschel},
	year = {2002},
	address = {Monterey, CA, USA},
	month = {July},
	optpages = {213-222},
	title = {Squirrel: A decentralized peer-to-peer web cache},
	booktitle = {Proc. of ACM Symposium on Principles Distributed Computing (PODC'02)}
}

@article{RSB01,
	year = {2001},
	pages = {404-418},
	title = {Analyis of web caching architectures: Hierarchical and distributed caching},
	volume = {9},
	journal = {IEEE/ACM Transactions on Networking},
	author = {P. Rodriguez and C. Spanner and E. Biersack},
	number = {4},
	month = {August}
}

@inproceedings{WVS+99,
	address = {Kiawah Island, SC, USA},
	title = {On the Scale and performance of cooperative web proxy caching},
	booktitle = {Proc. of 17th ACM Symposium on Operating Systems Principles (SOSP'99)},
	author = {A. Wolamn and G. Voelker and N. Sharma and N. Cardwell and A. Karlin and H. Levy},
	year = {1999},
	month = {December}
}

@inproceedings{LBB+02,
	booktitle = {Proc. of International Workshop on Web Content Caching and Distribution (WCW'02)},
	title = {Are File Swapping Networks Cacheable?},
	address = {Boulder, CO},
	month = {August},
	year = {2002},
	author = {N. Leibowitz and A. Bergman and R. Ben-Shaul and A. Shavit}
}

@inproceedings{YD04,
	booktitle = {Proc. of ACM SIGCOMM'04},
	month = {September},
	author = {Praveen Yalagandula and Mike Dahlin},
	title = {A Scalable distributed information management system},
	year = {2004},
	address = {Portland, OR, USA}
}

@inproceedings{QS04,
	note = {http://www.ifp.uiuc.edu/\~{}dqiu/paper/bittorrent.pdf},
	booktitle = {{Proceedings of ACM Sigcomm}},
	month = {August},
	title = {{Modeling and Performance Analysis of BitTorrent-Like Peer-to-Peer Networks}},
	address = {Portland OR, USA},
	author = {D. Qiu and R. Srikant},
	year = {2004}
}

@inproceedings{CN04,
	year = {2004},
	address = {Hong Kong, China},
	month = {March},
	title = {A Simple Fluid Model for the Analysis of the Squirrel Peer-to-Peer Caching System},
	author = {F. Clevenot and P. Nain},
	booktitle = {Proceedings of {IEEE INFOCOM} '04}
}

@inproceedings{YV04,
	booktitle = {Proc. of {IEEE INFOCOM} '04},
	month = {March},
	title = {Service capacity in peer-to-peer networks},
	year = {2004},
	author = {X. Yang and G. Veciana},
	address = {Hong Kong, China}
}

@inproceedings{GFJ+03,
	address = {San Francisco, CA, USA},
	month = {March},
	year = {2003},
	author = {Z. Ge and D. R. Figueiredo and S. Jaiswal and J. F. Kurose and D. Towsley},
	booktitle = {Proc. of IEEE INFOCOM'03},
	title = {Modeling Peer-Peer File Sharing Systems},
	days = {30}
}

@misc{ruleCrunchingPatent04,
	howpublished = {Patent application filed in the United States},
	month = {June},
	title = {Resolving Conflict between Rule Sets with subsets for which priority is expressed by ordered precedence and longest prefix},
	author = {Jason Goldschmidt and Christoph Schuba},
	year = {2004}
}

@inproceedings{EM01,
	booktitle = {12th ACM-SIAM Symposium on Discrete Algorithms (SODA'01)},
	author = {David Eppstein and S. Muthukrishnan},
	month = {January},
	title = {Internet Packet Filter Management and Rectangle Geometry},
	year = {2001}
}

@inproceedings{HSP00,
	booktitle = {Proceedings of INFOCOM'02},
	month = {March},
	title = {Detecting and Resolving Packet Filter Conflicts},
	author = {Adiseshu Hari and Subhash Suri and Guru Parulkar},
	year = {2000}
}

@inproceedings{BV02,
	month = {November},
	title = {Fast and Scalable Conflict Detection for Packet Classifiers},
	year = {2002},
	booktitle = {International Conference on Network Protocols (ICNP'02)},
	author = {Florin Baboescu and George Varghese}
}

@misc{NPFWebSite,
	howpublished = {\url{http://www.npf.org}},
	title = {Network Processing Forum Web Site},
	key = {NPF Web Page}
}

@techreport{neonTR04,
	author = {Jason Goldschmidt and Kevin Kalajan and Christoph Schuba and Michael Speer},
	title = {{NEon:} An integrated approach for network services},
	institution = {Sun Microsystems},
	year = {2004}
}

@book{comer04,
	author = {Douglas Comer},
	month = {March},
	title = {Network Systems Design Using Network Processors},
	year = {2004},
	publisher = {Prentice Hall}
}

@misc{YDAG04,
	author = {L. Yang and R. Dantu and T. Anderson and R. Gopal},
	howpublished = {Request for Comments, RFC 3746},
	title = {Forwarding and Control Element Separation {(ForCES)} Framework},
	year = {2004},
	month = {April}
}

@article{YGH03,
	author = {L. Yang and R. Gopal and S. Hares},
	year = {2003},
	journal = {IEEE Network Magazine},
	title = {Open Standards for the Control and Forwarding Planes in Network Elements}
}

@book{AP03,
	month = {December},
	year = {2003},
	title = {Data Center Fundamentals},
	author = {M. Arregoces and M. Portolani},
	publisher = {Cisco Press}
}

@inproceedings{KJKW+06,
	author = {E. Katz-Bassett and J. John and A. Krishnamurthy and D. Wetherall and T. Anderson and Y. Chawathe},
	address = {Rio de Janeiro, Brazil},
	booktitle = {Proc. of Internet Measurement Conference (IMC'06)},
	year = {2006},
	month = {October},
	pages = {71-84},
	title = {Towards {IP} geolocation using delay and topology measurements}
}

@inproceedings{BP00,
	booktitle = {Proc. of INFOCOM'00},
	pages = {775-784},
	address = {Tel-Aviv, Israel},
	title = {{RADAR}: an in-building {RF}-based user location and tracking system},
	year = {2000},
	author = {P. Bahl and V. Padmanabhan},
	month = {March}
}

@article{GZCF06,
	volume = {14},
	author = {B. Gueye and A. Ziviani and M. Crovella and S. Fdida},
	pages = {1219-1232},
	number = {6},
	title = {Constraint-based Geolocation of {Internet} Hosts},
	journal = {IEEE/ACM Transactions on Networking},
	year = {2006},
	month = {December}
}

@inproceedings{LCCH+05,
	pages = {116-133},
	booktitle = {Proc. of International Conference on Pervasive Computing (PERVASIVE'05)},
	title = {{Place Lab}: Device Positioning Using Radio Beacons in the Wild},
	author = {A. LaMarca and Y. Chawathe and S. Consolvo and J. Hightower and I. Smith and J. Scott and T. Sohn and J. Howard and J. Hughes and F. Potter and J. Tabert and P. Powledge and G. Borriello and B. Schilit},
	address = {Munich, Germany},
	month = {May},
	year = {2005}
}

@inproceedings{PS01,
	month = {August},
	year = {2001},
	pages = {173-185},
	booktitle = {Proc. of ACM SIGCOMM'01},
	title = {An investigation of geographic mapping techniques for {Internet} hosts},
	address = {San Diego, CA},
	author = {V. Padmanabhan and L. Subramanian}
}

@inproceedings{PCB00,
	author = {N. Priyantha and A. Chakraborty and H. Balakrishnan},
	year = {2000},
	booktitle = {Proc. of the International Conference on Mobile Computing and Networking (MOBICOM'00)},
	month = {August},
	pages = {32-43},
	title = {The {Cricket} location-support system},
	address = {Boston, MA}
}

@inproceedings{ZRR06,
	address = {Boston, MA},
	author = {M. Zhang and Y. Ruan and V. Pai and J. Rexford},
	month = {May},
	year = {2006},
	pages = {369-374},
	booktitle = {Proc. of USENIX Annual Technical Conference (USENIX'06)},
	title = {How {DNS} Misnaming Distorts {Internet} Topology Mapping}
}

@misc{IP2GEO,
	key = {{IP2Geo} Service Page},
	howpublished = {\url{http://ws.cdyne.com/ip2geo/ip2geo.asmx}},
	title = {{IP2Geo Web Page}}
}

@misc{NETGEO,
	title = {{NetGeo Web Page}},
	key = {{NetGeo} Home Page},
	howpublished = {\url{http://www.netgeo.com/}}
}

@misc{IP2LOCATION,
	howpublished = {\url{http://www.ip2location.com/}},
	title = {{IP2Location Web Page}},
	key = {{IP2Location} Home Page}
}

@misc{MAXMIND,
	key = {{MaxMind GeoIP} Web Page},
	title = {{GeoIP Web Page}},
	howpublished = {\url{http://www.maxmind.com/app/ip-location}}
}

@misc{IPINTELLIGENCE,
	howpublished = {\url{http://www.digital-element.net/ip_intelligence/ip_intelligence.html}},
	title = {{Digital Element Web Page}},
	key = {{IP} Intelligence Web Page}
}

@book{LZ06,
	publisher = {A K Peters, Ltd},
	author = {E. Langetepe and G. Zachmann},
	year = {2006},
	month = {February},
	title = {Geometric Data Structures for Computer Graphics}
}

@inproceedings{Devillers98,
	author = {O. Devillers},
	title = {Improved Incremental Randomized Delaunay Triangulation},
	address = {Minneapolis, MN},
	year = {1998},
	month = {June},
	booktitle = {Proc. of ACM Symposium on Computational Geometry (SCG'98)},
	pages = {106-115}
}

@inproceedings{Devillers99,
	year = {1999},
	month = {June},
	booktitle = {Proc. of ACM Symposium on Computational Geometry (SCG'99)},
	pages = {181-188},
	address = {Miami Beach, FL},
	author = {O. Devillers},
	title = {On Deletion in Delaunay Triangulations}
}

@article{BDP+02,
	year = {2002},
	month = {May},
	journal = {Computational Geometry Theory and Applications},
	pages = {5-19},
	volume = {22},
	author = {J. Boissonat and O. Devillers and S. Pion and M. Teillaud and M. Yvinec},
	number = {1-3},
	title = {Triangulations in {CGAL}}
}

@article{MGD03,
	title = {Delete and insert operations in {Voronoi/Delaunay} methods},
	year = {2003},
	volume = {29},
	author = {M. Mostafavi and C. Gold and M. Dakowicz},
	number = {4},
	journal = {Computers and Geosciences},
	month = {May},
	pages = {523-530}
}

@inproceedings{ZZA02,
	author = {L. Zou and E. Zegura and M. Ammar},
	address = {Fort Worth, TX},
	booktitle = {Proc. of IEEE International Symposium on Modeling, Analysis, and Simulation of Computer and Telecommunications Systems (MASCOTS'02)},
	year = {2002},
	month = {October},
	pages = {63-70},
	title = {The Effect of Peer Selection and Buffering Strategies on the Performance of Peer-to-Peer File Sharing Systems}
}

@inproceedings{BFLZ03,
	booktitle = {Proc. of International Workshop on Peer-to-Peer Systems (IPTPS'03)},
	author = {D. Bernstein and Z. Feng and B. Levine and S. Zilberstein},
	address = {Berkeley, CA},
	month = {February},
	year = {2003},
	pages = {237-246},
	title = {Adaptive Peer Selection}
}

@inproceedings{BCC+06,
	booktitle = {Proc. of IEEE International Conference on Distributed Computing Systems (ICDCS'06)},
	address = {Lisboa, Portugal},
	author = {R. Bindal and P. Cao and W. Chan and J. Medved and G. Suwala and T. Bates and A. Zhang},
	month = {July},
	pages = {66-74},
	title = {Improving Traffic Locality in {BitTorrent} via Biased Neighbor Selection},
	year = {2006}
}

@techreport{Qureshi04,
	month = {May},
	author = {A. Qureshi},
	title = {Exploring Proximity Based Peer Selection in a {BitTorrent}-like Protocol},
	year = {2004},
	note = {MIT 6.824 student project, available at http://pdos.csail.mit.edu/6.824-2004/reports/asfandyar.pdf},
	institution = {Massachusetts Institute of Technology}
}

@inproceedings{GRB+03,
	booktitle = {Proc. of COST264/ACM International Workshop on Networked Group Communications (NGC'03)},
	month = {September},
	pages = {58-69},
	title = {Topology-Centric Look-Up Service},
	address = {Munich, Germany},
	year = {2003},
	author = {L. Garces-Erice and K. Ross and E. Biersack and P. Felber and G. Urvoy-Keller}
}

@inproceedings{RHKS02,
	author = {S. Ratnasamy and M. Handley and R. Karp and S. Shenker},
	month = {June},
	booktitle = {Proc. of INFOCOM'02},
	pages = {1190-1199},
	address = {New York, NY},
	title = {Topologically-Aware Overlay Construction and Server Selection},
	year = {2002}
}

@inproceedings{LLX+04,
	address = {Hong Kong, China},
	month = {March},
	author = {Y. Liu and X. Liu and L. Xiao and L. M. Ni and X. Zhang},
	pages = {2220-2230},
	year = {2004},
	title = {Location-Aware Topology Matching in {P2P} Systems},
	booktitle = {Proc. of IEEE INFOCOM'04}
}

@inproceedings{DCKM04,
	month = {September},
	address = {Portland, OR},
	pages = {15-26},
	title = {Vivaldi: A Decentralized Network Coordinate System},
	year = {2004},
	author = {F. Dabek and R. Cox and F. Kaashoek and R. Morris},
	booktitle = {Proc. of ACM SIGCOMM'04}
}

@article{PTG06,
	number = {1},
	journal = {ACM SIGCOMM Computer Communication Review},
	month = {January},
	pages = {75-78},
	title = {On the feasibility of commercial, legal {P2P} content distribution},
	volume = {36},
	year = {2006},
	author = {P. Rodriguez and S. Tan and C. Gkantsidis}
}

@article{RTG06,
	number = {1},
	journal = {ACM SIGCOMM Computer Communication Review},
	month = {January},
	pages = {75-78},
	title = {On the feasibility of commercial, legal {P2P} content distribution},
	volume = {36},
	year = {2006},
	author = {P. Rodriguez and S. Tan and C. Gkantsidis}
}

@article{XKRC06,
	journal = {ACM/Springer Multimedia Systems Journal},
	year = {2006},
	volume = {11},
	author = {D. Xu and S. Kulkarni and C. Rosenberg and H. Chai},
	number = {4},
	month = {April},
	pages = {383-399},
	title = {Analysis of a {CDN-P2P} hybrid architecture for cost-effective streaming media distribution}
}

@article{TSH+05,
	year = {2005},
	pages = {354-376},
	title = {An analytical study of peer-to-peer media streaming systems},
	volume = {1},
	author = {Y. Tu and J. Sun and M. Hefeeda and S. Prabhakar},
	number = {4},
	month = {November},
	journal = {ACM Transactions on Multimedia Computing, Communications, and Applications}
}

@misc{Nort03,
	month = {November},
	author = {W. Norton},
	howpublished = {\url{http://www.nanog.org/mtg-0405/norton.html}},
	title = {The Evolution of the {U.S.} {Internet} Peering Ecosystem},
	year = {2003},
	note = {White Paper}
}

@misc{p-cube,
	title = {{P-Cube Web Page}},
	howpublished = {\url{http://www.p-cube.net/indexold.shtml}},
	key = {P-Cube Web Page}
}

@misc{packeteer,
	key = {Packeteer Web Page},
	howpublished = {\url{http://www.packeteer.com/}},
	title = {{Packeteer Web Page}}
}

@misc{netgeoTools,
	title = {{NetgeoTools Web Page}},
	key = {netgeoTools Web Page},
	howpublished = {\url{http://www.caida.org/tools/utilities/netgeo/}}
}

@misc{hostip,
	key = {Hostip Web Page},
	howpublished = {\url{http://www.hostip.info/}},
	title = {{Hostip Web Page}}
}

@inproceedings{JB00,
	address = {Taiwan},
	booktitle = {{Proc. of the IEEE International Conference on Distributed Computing Systems (ICDCS'00)}},
	month = {May},
	title = {{Popularity-Aware GreedyDual-Size Web Proxy Caching Algorithms}},
	author = {S. Jin and A. Bestavros},
	year =  2000
}

@article{LX04,
	year = {2004},
	month = {August},
	journal = {IEEE Communications Magazine},
	pages = {88-94},
	title = {Proxy caching for media streaming over the {Internet}},
	volume = {42},
	author = {J. Liu and J. Xu},
	number = {8}
}

@article{JBI03,
	journal = {ACM Multimedia Systems Journal},
	month = {October},
	year =  2003,
	pages = {386-396},
	title = {{Network-Aware Partial Caching For Internet Streaming Media}},
	volume = {9},
	author = {S. Jin and A. Bestavros and A. Iyengar},
	number = {4}
}

@inproceedings{PLC01,
	author = {S. Park and E. Lim and K. Chung},
	year = {2001},
	booktitle = {Proc. of the 15th International Parallel {\&} Distributed Processing Symposium (IPDPS'01)},
	month = {Apr.},
	title = {{Popularity-based Partial Caching for VOD Systems using a Proxy Server.}},
	address = {San Francisco, CA, USA}
}

@inproceedings{BCF+99,
	address = {New York, NY},
	booktitle = {Proc. of {INFOCOM'99}},
	year = {1999},
	month =  MAR ,
	pages = {126-134},
	title = {Web Caching and {Z}ipf-like Distributions: Evidence and Implications},
	author = {L. Breslau and P. Cao and L. Fan and G. Phillips and S. Shenker}
}

@article{collectcast,
	author = {Hefeeda, M. and Habib, A. and Xu, D. and Bhargava, B. and Botev, B.},
	month = {October},
	journal = {Submitted to ACM/Springer Multimedia Systems Journal},
	year = {2003},
	title = {{CollectCast: A} Peer-to-peer service for media streaming},
	note = {Technical report CSD-TR 03-016, Department of Computer Sciences, Purdue University}
}

@inproceedings{PGE+05,
	author = {J. Pouwelse and P. Garbacki and D. Epema and H. Sips},
	pages = {205-216},
	booktitle = {Proc. of the 4th International Workshop on Peer-To-Peer Systems (IPTPS'05)},
	address = {Ithaca, NY, USA},
	title = {The {BitTorrent} {P2P} File-sharing System: Measurements and Analysis},
	year = {2005},
	month = {Feb.}
}

@misc{squid,
	key = {squid},
	note = {\url{http://www.squid-cache.org/}}, 
    title = {{Squid Home Page}}
}

@misc{coss,
	title = {{Squid Cyclic Object Storage System Web Page}},
	key = {Squid Cyclic Object Storage System Web Page},
	note = {\url{http://wiki.squid-cache.org/SquidFaq/CyclicObjectStorageSystem/}}
}

@inproceedings{GVC96,
	year = {1996},
	title = {Start-time Fair Queuing: A Scheduling Algorithm for Integrated Services Packet Switching Networks},
	author = {P. Goyal and H.M. Vin and H. Chen},
	address = {Stanford, CA, USA},
	month = {August},
	booktitle = {Proc. of ACM SIGCOMM}
}

@inproceedings{BSV03,
	booktitle = {The 2nd International Workshop on Peer-toPeer Systems (IPTPS'03)},
	title = {Understanding Availability},
	author = {R. Bhagwan and S. Savage and G. M. Voelker},
	year = {2003},
	month = {March}
}

@misc{globus,
	key = {globus},
	year = {2002},
	note = {\url{http://www.globus.org/}},
	title = {The Globus Project}
}

@inproceedings{LZX+04,
	booktitle = {Proceedings of the 24th International Conference on Distributed Computing Systems},
	month = {March},
	author = {Y. Liu and Z. Zhuang and L. Xiao and L.M. Ni},
	year = {2004},
	title = {A Distributed Approach to Solving Overlay Mismatching Problem },
	address = {Tokyo, Japan}
}

@inproceedings{eigentrust,
	booktitle = {Proc. of the Twelfth International World Wide Web Conference WWW'03},
	title = {The EigenTrust Algorithm for Reputation Management in P2P Networks},
	year = {2003},
	author = {S. D. Kamvar and M. T. Schlosser and H. Garcia-Molina}
}

@misc{KRT04,
	year = {2004},
	title = {Adaptive Conent Management in sturcutred {P}2{P} communities},
	author = {Kangasharju, J. and Ross, K. W. and Turner, D. A.},
	howpublished = {submitted for publication}
}

@inproceedings{SSW04,
	year = {2004},
	month = {May},
	booktitle = {Proc. of International World Wide Web Conference (WWW'04)},
	pages = {512-521},
	author = {S. Sen and O. Spatscheck and D. Wang},
	title = {Accurate, Scalable In-network identification of {P2P} 
	        Traffic Using Application Signatures},
	address = {New York, NY}
}

@inproceedings{CFS+04,
	month = {March},
	year = {2004},
	booktitle = {Proc. of the 23rd Conference of the IEEE Communications Society (Infocom '04)},
	title = {Characterizing Selfishly Constructed Overlay Routing Networks},
	address = {Hong Kong, China},
	author = {B. Chun and R. Fonseca and I. Stoica and J. Kubiatowicz }
}

@inproceedings{AKK+05,
	author = {M. Adler and R. Kumar and K. Ross and D. Rubenstein and and D. Yao},
	booktitle = {Proc. of IEEE INFOCOM'05},
	month = {March},
	title = {Optimal Peer Selection for {P}2{P} Downloading and Streaming},
	year = {2005}
}

@inproceedings{TR04,
	month = {June},
	title = {A Lightweight Currency Paradigm for the {P}2{P} Resource Market},
	address = {Dallas, TX, USA},
	year = {2004},
	booktitle = {Proc. of the Seventh International Conference on Electronic Commerce Research },
	author = {D. A. Turner and K.W. Ross}
}

@inproceedings{FPC+04,
	booktitle = {Proc. SIGCOMM Workshop on Practice and Theory of Incentives and Game Theory in Networked Systems (PINS'04)},
	title = {Free-Riding and Whitewashing in Peer-to-Peer Systems},
	address = {Portland, USA},
	author = {M. Feldman and C. Papadimitriou and J. Chuang and and I. Stoica},
	year = {2004}
}

@article{BFS04,
	year = {2004},
	volume = {16},
	month = {July},
	author = {E. Bertino and E. Ferrari and A. C. Squicciarini},
	number = {7},
	pages = {827-842},
	journal = {{IEEE Transactions on Knowledge and Data Engineering}},
	title = {{Trust-X: A Peer-to-Peer Framework for Trust Establishment}}
}

@article{RKZ+00,
	title = {Reputation systems},
	doi = {http://doi.acm.org/10.1145/355112.355122},
	journal = {Communications of the ACM},
	issn = {0001-0782},
	publisher = {ACM Press},
	volume = {43},
	author = {P. Resnick and K. Kuwabara and R. Zeckhauser and E. Friedman},
	number = {12},
	pages = {45-48},
	year = {2000}
}

@inproceedings{RS05,
	booktitle = {Proc. of IEEE INFOCOM'05},
	author = {K. K. Ramachandran and B. Sikdar},
	month = {March},
	title = {An Analytic Framework for Modeling Peer to Peer Networks},
	year = {2005}
}

@inproceedings{viceroy,
	title = {Viceroy: A Scalable and Dynamic Emulation of the Butterfly},
	booktitle = {Proceedings of the 21st ACM Symposium on Principles of Distributed Computing},
	author = {D. Malkhi and M. Naor and D. Ratajczak},
	year = {2002}
}

@inproceedings{Squirrel,
	year =  2002,
	month =  jul,
	pages = {?-?},
	title = {Squirrel: {A} decentralized peer-to-peer web cache},
	author = {S. Iyer and A. Rowstron and P. Druschel},
	location = {California, USA.},
	booktitle = {12th ACM Symposium on Principles of Distributed Computing (PODC 2002)}
}

@inproceedings{CG03a,
	author = {A. Crespo and H. Garcia-Molina},
	url = {http://www-db.stanford.edu/~crespo/publications/op2p.pdf},
	month = {January},
	title = {Semantic Overlay Networks for {P2P} Systems},
	year = {2003},
	note = {Technical report, Computer Science Department, Stanford University}
}

@inproceedings{plaxton,
	year = {1997},
	url = {citeseer.ist.psu.edu/plaxton97accessing.html},
	pages = {311-320},
	title = {Accessing Nearby Copies of Replicated Objects in a Distributed Environment},
	author = {C. G. Plaxton and R. Rajaraman and A. W. Richa},
	booktitle = {{ACM} Symposium on Parallel Algorithms and Architectures}
}

@inproceedings{ron,
	month = {October},
	address = {Banff, Canada},
	year = {2001},
	title = {Resilient Overlay Networks},
	url = {http://citeseer.nj.nec.com/andersen01resilient.html},
	booktitle = {Proceedings of 18th ACM Symposium on Operating Systems Principles SOSP'01},
	author = {D. Andersen and H. Balakrishnan and M. F. Kaashoek and R. Morris}
}

@inproceedings{WP02,
	booktitle = {{Proceedings of the ACM SACT Workshop}},
	title = {{Peer-to-Peer Systems as Attack Platform for Distributed Denial-of-Service}},
	author = {A. Wagner and B. Plattner},
	year = {2002},
	address = {Washington DC, USA}
}

@article{onionrouting,
	month = {May},
	year =  1998,
	pages = {482-494},
	journal = {{IEEE Journal on Selected Areas in Communications}},
	title = {{Anonymous Connections and Onion Routing}},
	volume =  16,
	author = {M. G. Reed and P. F. Syverson and D. M. Goldschlag},
	number =  4
}

@inproceedings{DKK+05,
	year = {2005},
	month = {June},
	booktitle = {Proc. ACM SIGMETRICS'05}, 
	pages = {38-49},
	address = { Banff, Alberta, Canada},
	title = {Denial-of-service resilience in peer-to-peer file sharing systems.},
	author = {D. Dumitriu and E. W. Knightly and A. Kuzmanovic and I. Stoica and W. Zwaenepoel}
}

@inproceedings{bittorrent,
	author = {B. Cohen},
	pages = {251-260},
	address = {Berkeley, CA, USA},
	title = {{Incentives Build Robustness in BitTorrent}},
	year = {2003},
	booktitle = {Workshop on Economics of Peer-to-Peer Systems},
	month = {May}
}

@phdthesis{hefeedaThesis04,
	year = {2004},
	school = {Department of Computer Science, Purdue University},
	title = {A Framework for Cost-Effective Peer-to-Peer Content Distribution},
	author = {M. Hefeeda}
}

@mastersthesis{saleh06,
	month = {December},
	author = {O. Saleh},
	title = {Modeling and Caching of Peer-to-Peer Traffic},
	year = {2006},
	school = {School of Computing Science, Simon Fraser University, Canada}
}

@inproceedings{CPC+02,
	booktitle = {International Workshop on Future Directions in Distributed Computing (FuDiCo)},
	month = {June},
	editor = {Ozalp Babaoglu and Ken Birman and Keith Marzullo},
	pages = {52-55},
	title = {Exploiting Network Proximity in Distributed Hash Tables},
	author = {M. Castro and P. Druschel and Y. Charlie Hu and A. Rowstron},
	address = {Bertinoro, Italy},
	year = {2002}
}

@inproceedings{XTZ03,
	title = {Building Topology-Aware Overlays Using Global Soft-State},
	booktitle = {Proceedings of the 23rd International Conference on Distributed Computing Systems{ICDCS'03}},
	author = {Z. Xu and C. Tang and Z. Zhang},
	isbn = {0-7695-1920-2},
	publisher = {IEEE Computer Society},
	address = {Washington, DC, USA},
	pages = {500},
	year = {2003}
}

@inproceedings{remindin,
	month =  May,
	booktitle = {Proceedings of the 13th International World Wide Web Conference (WWW 2004)},
	address = {New York, NY, USA},
	title = {{REMINDIN': Semantic Query Routing in Peer-to-Peer Networks Based on Social Metaphors}},
	year = {2004},
	author = {C. Tempich and S. Staab and A. Wranik}
}

@inproceedings{MN02,
	volume = {2376},
	author = {F. M. Cuenca-Acuna and T. D. Nguyen},
	isbn = {3-540-44177-8},
	booktitle = {International Workshop on Peer-to-Peer Computing (co-located with Networking 2002)},
	month =  May,
	publisher = {Springer-Verlag},
	series = {Lecture Notes in Computer Science},
	title = {Text-Based Content Search and Retrieval in ad hoc P2P Communities},
	year = {2002},
	url = {www.cs.rutgers.edu/~mcuenca}
}

@inproceedings{RK02,
	month =  {June},
	author = {S. Rhea and J. Kubiatowicz},
	booktitle = {In Proceedings of {INFOCOM} 2002},
	title = {Probabilistic location and routing},
	year = {2002}
}

@misc{hypercup,
	url = {http://citeseer.nj.nec.com/541230.html},
	title = {{HyperCuP} -- Hypercubes, Ontologies and Efficient Search on Peer-to-peer Networks},
	note = {http://www-db.stanford.edu/~schloss/docs/HyperCuP-LNCS2530.ps},
	booktitle = {Agents and Peer-to-Peer Computing},
	volume = {2530},
	author = {M. Schlosser and M. Sintek and S. Decker and W. Nejdl},
	publisher = {Springer},
	year = {2003},
	month = {May}
}

@inproceedings{KRR01,
	month = {June},
	author = {J. Kangasharju and K. Ross and J. Roberts},
	title = { Object Replication Strategies in Content Distribution Networks},
	year = {2001},
	address = {Boston, MA, USA},
	booktitle = {Sixth International Workshop on Web Caching and Content Distribution}
}

@inproceedings{CCWBPK04,
	year = {2004},
	month = {July},
	author = {B. Chun and K. Chaudhuri and H. Wee and M. Barreno and C. Papadimitriou and J. Kubiatowicz},
	booktitle = {ACM Symposium on Principles of Distributed Computing (PODC)},
	title = {Selfish Caching in Distributed Systems: A Game-Theoretic Analysis},
	address = {St. Johns, Newfoundland, Canada}
}

@inproceedings{CFSK04,
	booktitle = {IEEE International Conference on Computer Communications (INFOCOM 04)},
	year = {2004},
	author = {B. Chun and R. Fonseca and I. Stoica and J. Kubiatowicz},
	address = {Hong Kong},
	month = {March},
	title = {Characterizing Selfishly Constructed Overlay Routing Networks}
}

@inproceedings{MRWZ04,
	author = {R. Mahajan and M. Rodrig and D. Wetherall and J. Zahorjan},
	booktitle = {ACM SIGCOMM Workshop on Practice and Theory of Incentives and Game Theory in Networked Systems (PINS)},
	month = {September},
	title = {Experiences Applying Game Theory to System Design},
	address = {Portland, OR, USA},
	year = {2004}
}

@inproceedings{CC04,
	month = {February},
	year = {2004},
	title = {On the Cost of Participating in a Peer-to-Peer Network},
	author = {N. Christin and J. Chuang},
	booktitle = {3rd International Workshop on Peer-to-Peer Systems (IPTPS)}
}

@inproceedings{CCZ04,
	year = {2004},
	booktitle = {ACM SIGCOMM'04 Workshop on Practice and Theory of Incentives in Networked Systems (PINS)},
	title = {A Case for Taxation in Peer-to-Peer Streaming Broadcast},
	author = {Y.-H. Chu and J. Chuang and H. Zhang},
	address = {Portland, OR, USA},
	month = {September}
}

@inproceedings{LLXNZ04,
	year = {2004},
	booktitle = {IEEE INFOCOM 2004},
	author = {Y. Liu and X. Liu and L. Xiao and L. Ni and X. Zhang},
	month = {March},
	address = {Hong Kong, China},
	pages = {2220-2230},
	title = {Location-Aware Topology Matching in P2P Systems}
}

@inproceedings{NWD03,
	title = {Enforcing Fair Sharing of Peer-to-Peer Resources},
	booktitle = {2nd International Workshop on Peer-to-Peer Systems (IPTPS'03)},
	author = {T. Ngan and D. Wallach and P. Druschel},
	address = {Berkeley, CA, USA},
	year = {2003},
	month = {February}
}

@inproceedings{BLV05,
	title = {Designing Incentives for Peer-to-Peer Routing},
	address = {Miami, FL, USA},
	booktitle = {Proceedings of the IEEE Infocom Conference},
	year = {2005},
	author = {A. Blanc and Y. Liu and A. Vahdat},
	month = {March}
}

@misc{Val95,
	year = {1995},
	optnote = {Presented at Usenix Workshop on Electronic Commerce, New York},
	month = {July},
	optkey = {H. Varian},
	title = {Mechanism Design for Computerized Agents},
	author = {H. Varian}
}

@phdthesis{parkes,
	title = {Iterative Combinatorial Auctions: Achieving Economic and Computational Efficiency},
	author = {D. Parkes},
	year = {2001},
	school = {University of Pennsylvania},
	month = {May}
}

@unpublished{LKR04,
	year = {2004},
	title = {Understanding KaZaA},
	note = {submitted},
	author = {J. Liang and R. Kumar and K. Ross}
}

@unpublished{KRT2002,
	note = {submitted},
	title = {Adaptive Content Management in Structured P2P Communities},
	author = {J. Kangasharju and K. Ross and D. Turner },
	year = {2002}
}

@misc{vick61,
	author = {W. Vickrey},
	year = {1961},
	opthowpublished = {J. Of Finance, 16:8-37},
	title = {Counterspeculation, Auctions, and Competitive Sealed Tenders}
}

@misc{brite,
	author = {Brite Home Page},
	title = {\url{http://www.cs.bu.edu/brite}}
}

@misc{AK02,
	month = {March},
	year = {2002},
	author = {D. Anderson and J. Kubiatowicz},
	title = {The Worldwide Computer},
	opthowpublished = {Scientific American. vol 286, no. 3, pp. 28-35}
}

@inproceedings{AKK+04,
	address = {Cambridge, MA, USA},
	title = {Optimal Peer Selection for P2P Downloading and Streaming},
	author = {M. Adler and R. Kumar and K. Ross and D. Rubenstein and D. Turner and D. Yao},
	year = {2004},
	booktitle = {Second Workshop on Economics of Peer-to-Peer Systems},
	month = {June}
}

@book{OR94,
	year = {1994},
	month = {December},
	author = { M. Osborne and A. Rubenstein},
	title = {A Course in Game Theory},
	publisher = {MIT Press}
}

@book{K90,
	title = {A Course in Microeconomic Theory},
	publisher = {Princeton: Princeton University Press},
	year = {1990},
	month = {December},
	author = {D. Kreps}
}

@inproceedings{LCCLS02,
	booktitle = {In Proceedings of the 16th annual ACM International Conference on supercomputing (ICS) 2002},
	month = {June},
	year = {2002},
	address = {New York, New York, USA},
	title = {Search and replication in unstrcutured peer-to-peer networks},
	author = {Q. Lv and P. Cas and E. Cohen and K. Lai and S. Shenker}
}

@inproceedings{GZC+04,
	month =  oct,
	address = {Taormina, Sicily, Italy},
	pages = {288-293},
	title = {Constraint-Based Geolocation of Internet Hosts},
	year =  2004 ,
	author = {B. Gueye and A. Ziviani and M. Crovella and S. Fdida},
	booktitle = {Proc. of ACM/SIGCOMM Internet Measurement Conference - IMC 2004}
}

@inproceedings{KLV+04,
	address = {Taormina, Sicily, Italy},
	booktitle = {Proc. of ACM/SIGCOMM Internet Measurement Conference (IMC'04)},
	author = {A. Klemm and C. Lindemann and M. K. Vernon and O. P. Waldhorst},
	month =  oct,
	pages = {55-67},
	year =  2004 ,
	title = {Characterizing the query behavior in peer-to-peer file sharing systems}
}

@inproceedings{KFC04,
	address = {Taormina, Sicily, Italy},
	year =  2004 ,
	month =  Oct,
	author = {T. Karagiannis and M. Faloutsos and KC Claffy},
	pages = {121-134},
	title = {Transport Layer Identification of {P2P} Traffic},
	booktitle = {Proc. of ACM/SIGCOMM Internet Measurement Conference (IMC'04)}
}

@inproceedings{DDH+05,
	author = {I. Dedinski and H. De Meer and L. Han and L. Mathy and D. P. Pezaros and J. S. Sventek and Z. Xiaoying},
	address = {Sophia Antipolis, French Riviera, La Cote d'Azur, France},
	title = {Cross-Layer Peer-to-Peer Traffic Identification and Optimization Based on Active Networking},
	year =  2005 ,
	booktitle = {Proc. the Seventh Annual International Working Conference on Active and Programmable Networks (IWAN'05)},
	month =  Nov
}

@inproceedings{WLR+04,
	address = {Chicago, IL},
	author = {A. Wierzbicki and N. Leibowitz and M. Ripeanu and R. Wozniak},
	month =  {April},
	pages = {182-189},
	title = {Cache Replacement Policies Revisited: The Case of {P2P} Traffic},
	year =  2004 ,
	booktitle = {Proc. of International Workshop on Global and Peer-to-Peer Computing (GP2P'04)}
}

@inproceedings{KBB+04,
	title = {Is {P2P} dying or just hiding?},
	address = {Dallas, TX},
	month = {November},
	author = {T. Karagiannis and A. Broido and N. Brownlee and K. C. Claffy and M. Faloutsos},
	booktitle = {Proc. of IEEE Global Telecommunications Conference (GLOBECOM'04)},
	pages = {1532-1538},
	year = {2004}
}

@techreport{SH06_TR,
	month = {May},
	institution = {Simon Fraser University},
	title = {Modeling and Caching of Peer-to-Peer Traffic},
	year = {2006},
	author = {O. Saleh and M. Hefeeda},
	number = {TR 2006-11}
}

@misc{limewire,
	key = {limewire},
	title = {{Limewire Home Page}},
	note = {\url{http://www.limewire.com/}}
}

@misc{nsl,
	key = {nsl},
	note = {\url{http://nsl.cs.sfu.ca/wiki/}},
	title = {{Network Systems Lab}}
}

@misc{p4p,
	key = {p4p},
	note = {\url{http://www.openp4p.net/}},
	title = {{P4P Working Group}}
}

@misc{bearshare,
	key = {bearshare},
	note = {\url{http://www.bearshare.com/}},
	title = {{BearShare Home Page}}
}

@misc{cachelogic,
	key = {cachelogic},
	note = {\url{http://www.cachelogic.com/}}, 
    title = {{CacheLogic Home Page}}
}

@misc{peercache,
	key = {peercache},
	note = {\url{http://www.joltid.com/}},
    title = {{PeerCache Home Page}}
}

@misc{ultraband,
	key = {ultraband},
	note = {\url{http://www.peerapp.com/products-ultraband.aspx}},
    title = {{PeerApp UltraBand Home Page}}
}

@misc{overcache,
	key = {overcache},
	note = {\url{http://www.oversi.com/products/overcache-msp}},
    title = {{OverCache MSP Home Page}}
}

@misc{ircache,
	key = {ircache},
	note = {\url{http://www.ircache.net/}},
    title = {{IRCache Home Page}}
}


@misc{sandvine,
	key = {sandvine},
	title = {\url{http://www.sandvine.com/}}
}

@misc{emule,
	title = {{Emule Project Home Page}},
	key = {emule},
	note = {\url{http://www.emule-project.net/}}
}

@misc{geoip,
	title = {{GeoIP Database Home Page}},
	note = {\url{http://www.maxmind.com}},
	key = {geoip}
}

@article{Sila97,
	journal = {Complex Systems},
	year = {1997},
	title = {Citations and the {Zipf-Mandelbrot's} law},
	volume = {11},
	author = {Z. Silagadze},
	number = {487-499}
}

@inproceedings{greedy_dual,
	year =  1997,
	month = {Dec},
	days =  8,
	pages = {193-206},
	booktitle = {Proc. of USENIX Symposium on Internet Technologies and Systems},
	address = {Monterey, CA, USA},
	title = {Cost-Aware {WWW} Proxy Caching Algorithms},
	author = {P. Cao and S. Irani}
}

@article{PB03,
	volume = {35},
	author = {S. Podlipnig and L. BÃ¶szÃ¶rmenyi},
	number = {4},
	pages = {347-398},
	journal = {ACM Computing Surveys},
	title = {A survey of web cache replacement strategies},
	year = {2003},
	month =  dec
}

@article{SGG03,
	year = {2003},
	journal = {ACM/Springer Multimedia Systems Journal},
	month = {August},
	pages = {170-184},
	title = {{Measuring and analyzing the characteristics of Napster and Gnutella hosts}},
	volume = {9},
	author = {S. Saroiu and P. K. Gummadi and S. D. Gribble},
	number = {2}
}

@article{G99,
	author = {G. Huston},
	number = {3},
	year = {1999},
	month = {Sep.},
	journal = {The Internet Protocol Journal},
	title = {{Web Caching}},
	volume = {2}
}

@book{RS02,
	author = {M. Rabinovich and O. Spatscheck},
	publisher = {Addison-Wesley},
	title = {{ Web Caching and Replication}},
	year = {2002}
}

@article{BW02,
	year = {2002},
	day = {22},
	month = {Apr.},
	pages = {779-794},
	journal = {Journal of Computer Networks},
	title = {Pro{WG}en: a synthetic workload generation tool for simulation evaluation of web proxy caches},
	volume = {38},
	author = {M. Busari and C. Williamson},
	number = {6}
}

@article{PZP+04,
	day = {15},
	title = {Modeling correlations in web traces and implications for designing replacement policies},
	journal = {Journal of Computer Networks},
	month = {Jul.},
	volume = {45},
	author = {K. Psounis and A. Zhu and B. Prabhakar and R. Motwani},
	year = {2004},
	number = {4},
	pages = {379-398}
}

@inproceedings{ZSR06,
	year = {2006},
	author = {S. Zhao and D. Stutzbach and R. Rejaie },
	month = {Jan.},
	booktitle = {Proc. of SPIE/ACM Multimedia Computing and Networking (MMCN'06)},
	address = {San Jose, CA, USA},
	title = {{Characterizing Files in the Modern Gnutella Network: A Measurement Study}}
}

@article{CSWZ07,
	pages = {1062-1072},
	title = {{SProxy}: A Caching Infrastructure to Support Internet Streaming}, 
	volume = {9},
	author = {S. Chen and B. Shen and S. Wee and X. Zhang}, 
	number = {5},
	journal = {IEEE Transactions on Multimedia},
	year = {2007},
	month = {August}
}

@article{WYW04,
	pages = {770-780},
	title = {Segmentation of multimedia streams for proxy caching}, 
	volume = {6},
	author = {K. Wu and P. Yu and J. Wolf}, 
	number = {5},
	journal = {IEEE Transactions on Multimedia},
	year = {2004},
	month = {October}
}

@article{ADM06,
	pages = {16-31},
	title = {Web object-based storage management in proxy caches}, 
	volume = {22},
	author = {A. Abhari and S. Dandamudi and S. Majumdar}, 
	number = {1},
	journal = {Future Generation Computer Systems}, 
	year = {2006},
	month = {January}
}

@article{MPFK02,
	year = {2002},
	pages = {735-748},
	title = {Web-conscious storage management for web proxies}, 
	journal = {IEEE/ACM Transactions on Networking},
	volume = {10},
	author = {E. Markatos and D. Pnevmatikatos and M. Flouris and M. Katevenis}, 
	number = {6},
	month = {December}
}

@inproceedings{SGHS01,
	address = {Boston, MA},
	author = {E. Shriver and E. Gabber and L. Huang and C. Stein}, 
	month = {June},
	year = {2001},
	pages = {203-216},
	booktitle = {Proc. of USENIX Annual Technical Conference (USENIX'01)},
	title = {Storage management for web proxies} 
}

@article{WMZH02,
	year = {2002},
	pages = {1056-1073},
	title = {{UCFS} -- a novel User-space, high performance, Customized File System for Web proxy servers}, 
	journal = {IEEE Transactions on Computers},
	volume = {51},
	author = {J. Wang and R. Min and Y. Zhu and Y. Hu}, 
	number = {9},
	month = {September}
}

@inproceedings{LUM06,
	author = {A. Legout and G. Urvoy-Keller and P. Michiardi}, 
	address = {Rio de Janeriro, Brazil}, 
	month =  {October},
	pages = {203-216},
	title = {Rarest First and Choke Algorithms are Enough}, 
	year =  {2006}, 
	booktitle = {Proc. of ACM Conference on Internet Measurement ({IMC'06})}
}

@book{Tane01,
	author = {A. Tanenbaum}, 
	edition = {2nd},
	title = {Modern Operating Systems}, 
	year = {2001},
	publisher = {Prentice Hall}
}

@article{HS07,
    author = {M. Hefeeda and O. Saleh}, 
	journal = {IEEE/ACM Transactions on Networking},
    Month = {October},
    Title = {Traffic Modeling and Proportional Partial Caching for Peer-to-Peer Systems}, 
    Year = {2007},
    note = {Accepted to appear}
}

@misc{blktrace,
	title = {{Block I/O Layer Tracing: blktrace}}, 
	key = {blktrace},
	note = {\url{http://www.gelato.org/pdf/apr2006/gelato_ICE06apr_blktrace_brunelle_hp.pdf}}
}

@inproceedings{WXLZ07,
	month = {June},
	year = {2007},
	address = {Ottawa, Canada},
	title = {Linux Readahead: Less Tricks for More},
	booktitle = {Proc. of Linux Symposium},
	author = {F. Wu and H. Xi and J. Li and N. Zou}, 
	pages = {273-284}
}

@book{WESS04,
	author = {D. Wessels}, 
	edition = {1st},
	title = {Squid: The Definitive Guide}, 
	address = {Sebastopol, CA},
	year = {2004},
	publisher = {O'Reilly}
}

@inproceedings{WCB01,
	pages = {230-243},
	title = {{SEDA}: An Architecture for Well-conditioned, Scalable {Internet} Services}, 
	author = {M. Welsh and D. Culler and E. Brewer}, 
	year = {2001},
	address = {Banff, Canada}, 
	booktitle = {Proc. of ACM Symposium on Operating Systems Principles (SOSP'01)},
	month = {October}
}

@inproceedings{GBSP04,
	month = {June},
	year = {2004},
	address = {Ottawa, Canada},
	title = {Comparing and Evaluating epoll, select, and poll Event Mechanisms},
	booktitle = {Proc. of Linux Symposium},
	author = {L Gammo and T. Brecht and A. Shukla and D. Pariag}, 
	pages = {215-225}
}

@inproceedings{PDZ99,
	address = {Monterey, CA}, 
	author = {V. Pai and P. Druschel and W. Zwaenepoel}, 
	month = {June},
	year = {1999},
	pages = {199-212},
	booktitle = {Proc. of USENIX Annual Technical Conference (USENIX'99)},
	title = {Flash: An Efficient and Portable Web Server}
}

@inproceedings{PBH+07,
	address = {Lisbon, Portugal}, 
	author = {D. Pariag and T. Brecht and A. Harji and P. Buhr and A. Shukla and D. Cheriton}, 
	month = {March},
	year = {2007},
	pages = {231-243},
	booktitle = {Proc. of European Conference on Computer Systems (EuroSys'07)},  
	title = {Comparing the Performance of Web Server Architectures}
}

@inproceedings{BCB03,
	month = {May},
	pages = {19-24},
	booktitle = {Proc. of IEEE Workshop on Hot Topics in Operating Systems (HotOS'03)},
	year = {2003},
	title = {Why Events Are A Bad Idea (for High-concurrency Servers)}, 
	address = {Lihue, HI}, 
	author = {R. {von Behren} and J. Condit and E. Brewer}
}

@article{SHHP00,
	year = {2000},
	pages = {146-157},
	title = {Optimizing {TCP} Forwarder Performance}, 
	journal = {IEEE/ACM Transactions on Networking},
	volume = {8},
	author = {O. Spatscheck and J. Hansen and J. Hartman and L. Peterson}, 
	number = {2},
	month = {April}
}

@misc{tproxy,
	key = {tproxy},
	title = {\url{http://www.balabit.com/support/community/products/tproxy/}}
}

@misc{l7sw,
	key = {l7sw},
	title = {\url{http://www.linux-l7sw.org/}}
}

@misc{tcpsp,
	key = {tcpsp},
	note = {\url{http://www.linuxvirtualserver.org/software/tcpsp/index.html}}, 
    title = {{TCPSP Home Page}}
}

@misc{netfilter,
	key = {netfilter},
	title = {\url{http://www.netfilter.org/}}
}

@inproceedings{RR02,
	month = {May},
	booktitle = {Proc. of the International World Wide Web Conference (WWW'02)},
	address = {Honolulu, HI}, 
	title = {An Evaluation of {TCP} Splicing Benefits in Web Proxy Servers}, 
	year = {2002},
	pages = {13-24},
	author = {M. Rosu and D. Rosu}
}

@techreport{MB98, 
	type = {{IBM} Research Report {RC} 21139},
	author = {D. Maltz and P. Bhagwat},
	title = {{TCP} Splicing and Application Layer Proxy Performance}, 
	institution = {{IBM} Research Division},
	year = {1998}
}

@mastersthesis{Ledlie00,
	month = {December},
	author = {J. Ledlie},
	title = {Damelo! An Explicitly Co-locating Web Cache File System},
	year = {2000},
	school = {Department of Computer Science, University of Wisconsin, Madison, WI}
}

@inproceedings{CRS99,
	booktitle = {Proc. of International Web Caching Workshop (WCW'99)},
    title = {Supporting Transparent Caching with Standard Proxy Caches},
	address = {San Diego, CA},
	month = {March},
	year = {1999},
    author = {A. Cohen and S. Rangarajan and N. Singh}
}

@inproceedings{CWL+06,
	booktitle = {Proc. of ACM/IEEE Symposium on Architecture for Networking and Communications Systems (ANCS'06)},
    title = {{WormTerminator}: An Effective Containment of Unknown and Polymorphic Fast Spreading Worms},
	address = {San Jose, CA},
	month = {December},
	year = {2006},
	pages = {173-182},
    author = {S. Chen and X. Wang and L. Liu and X. Zhang and Z. Zhang}
}

@inproceedings{GDY+04,
	booktitle = {Proc. of International Conference on Parallel Processing (ICPP'04)}, 
    title = {Dynamic, Power-aware Scheduling for Mobile Clients Using a Transparent Proxy},
	address = {Montreal, Canada},
	month = {August},
	year = {2004},
	pages = {557-565},
    author = {M. Gundlach and S. Doster and H. Yan and D. Lowenthal and S. Watterson} 
}

@article{SZR07,
	year = {2007},
	journal = {ACM/Springer Multimedia Systems},
	month = {September},
	pages = {35-50},
	title = {Characterizing files in the modern {Gnutella} network},
	volume = {13},
	author = {D. Stutzbach and S. Zhao and R. Rejaie},
	number = {1}
}


@Article{ZHU04,
  author =   {Zhu, B. B. and Swanson, M. D. and Tewfik, A. H.},
  title =    {When Seeing Isn't Believing},
  journal =  {IEEE Signal Processing Magazine},
  year =     {2004},
  OPTkey =   {},
  volume =   {21},
  number =   {2},
  pages =    {40-49},
  month =    {},
  OPTnote =      {},
  OPTannote =    {}
}

@InBook{ZHU03,
  author =    {Feng, D. and Siu, W. C. and Zhang, H.},
  ALTeditor = {},
  title =     {Multimedia Information Retrieval and Management},
  chapter =   {7},
  publisher = {Springer-Verlag},
  year =      {2003},
  pages =     {148-177},
  OPTkey =    {},
  OPTvolume =    {},
  OPTnumber =    {},
  OPTseries =    {},
  OPTaddress =   {},
  edition =      {},
  OPTmonth =     {},
  OPTnote =      {},
  OPTannote =    {}
}

@InProceedings{GGE01,
  author =   {Grosbois, R. and Gerbelot, P. and Ebrahimi, T.},
  title =    {Authentication and Access Control in the JPEG2000 Compressed Domain},
  OPTcrossref =  {},
  OPTkey =   {},
  booktitle = {Proc. of SPIE 46th Annual Meeting, Applications of Digital Image Processing XXIV},
  pages =    {},
  year =     {2001},
  OPTeditor =    {},
  OPTvolume =    {},
  OPTnumber =    {},
  OPTseries =    {},
  address =      {San Dieog, CA},
  month =        {},
  OPTorganization = {},
  OPTpublisher = {},
  OPTnote =      {},
  OPTannote =    {}
}

@InProceedings{PDWS03,
  author =   {Peng, C. and Deng, R. H. and Wu, Y. and Shao, W.},
  title =    {A Flexible and Scalable Authentication Scheme for JPEG2000 Image Codestreams},
  OPTcrossref = {},
  OPTkey =      {},
  booktitle = {Proc. ACM Int. Conf. on Multimedia},
  pages =    {433-441},
  year =     {2003},
  OPTeditor =    {},
  OPTvolume =    {},
  OPTnumber =    {},
  OPTseries =    {},
  address =      {},
  month =        {November},
  OPTorganization = {},
  OPTpublisher = {},
  OPTnote =      {},
  OPTannote =    {}
}

@INPROCEEDINGS{YU03,
  AUTHOR =       {Yu, H. H.},
  TITLE =        "Scalable Multimedia Authentication",
  BOOKTITLE =    "Proc. Joint Conf. on Info., Comm. and Signal Proc., 2003 and
                  4th Pacific Rim Conf. on Multimedia (ICICS-PCM 2003)",
  YEAR =         "2003",
  editor =       "",
  volume =       "",
  number =       "",
  series =       "",
  pages =        "443-447",
  address =      "Singapore",
  month =        "December",
  organization = "",
  publisher =    "",
  note =         "",
  abstract =     "",
  keywords =     "",
}

@INPROCEEDINGS{YU04,
  AUTHOR =       {YU, H. H.},
  TITLE =        "Scalable Streaming Media Authentication",
  BOOKTITLE =    "IEEE Int. Conf. on Communications (ICC04)",
  YEAR =         "2004",
  editor =       "",
  volume =       "",
  number =       "",
  series =       "",
  pages =        "1912-1916",
  address =      "",
  month =        "June",
  organization = "",
  publisher =    "",
  note =         "",
  abstract =     "",
  keywords =     "",
}

@MISC{DELP,
  author =       "Edward J. Delp",
  title =        "Digital Watermarking and Data Hiding",
  howpublished = "available at: \url{http://cobweb.ecn.purdue.edu/~ace/water2/digwmk.html}",
  year =         "",
  month =        "",
  note =         "",
  abstract =     "",
  keywords =     "",
  source =       "",
}

@INPROCEEDINGS{AP03,
  AUTHOR =       "N. Achir and G. Pujolle",
  TITLE =        "Network-based Adaptation for {MPEG-4} Multicast Video Delivery",
  BOOKTITLE =    "Proc. 10th Int. Conf. Telecommunications",
  YEAR =         "2003",
  editor =       "",
  volume =       "",
  number =       "",
  series =       "",
  pages =        "II1452-1457",
  address =      "",
  month =        "",
  organization = "",
  publisher =    "",
  note =         "",
  abstract =     "",
  keywords =     "",
}

@INPROCEEDINGS{YZW+03,
  AUTHOR =       {Yuan, C. and Zhu, B. D. and Wong, Y. and Li, S. and Zhong, Y.},
  TITLE =        {Efficient and Fully Scalable Encryption for {MPEG-4 FGS}},
  BOOKTITLE =    "Proc. International Symposium on Circuits and Systems (ISCAS'03)",
  YEAR =         {2003},
  editor =       "",
  volume =       {2},
  number =       "",
  series =       "",
  pages =        "II620 II623",
  address =      "",
  month =        {May},
  organization = "",
  publisher =    "",
  note =         "",
  abstract =     "",
  keywords =     "",
}

@MISC{VWVF03,
  author =       "C. Venkatramani, P. Westerink, O. Verscheure, P. Frossard",
  title =        "Securing Media for Adaptive Streaming",
  howpublished = "ACM Conference on Multimedia",
  year =         "2003",
  month =        "November",
  note =         "",
  abstract =     "",
  keywords =     "",
  source =       "",
}

@INPROCEEDINGS{MJ01,
  AUTHOR =       "S. Miner and J. Staddon",
  TITLE =        "Graph-based Authentication of Digital Streams",
  BOOKTITLE =    "Proc. IEEE Symp. Security and Privacy",
  YEAR =         "2001",
  editor =       "",
  volume =       "",
  number =       "",
  series =       "",
  pages =        "",
  address =      "",
  month =        "",
  organization = "",
  publisher =    "",
  note =         "",
  abstract =     "",
  keywords =     "",
}

@ARTICLE{PCS03,
  AUTHOR =       {Park, J. M. and Chong, E. K. and Siegel, H. J.},
  TITLE =        "Efficient Multicast Stream Authentication Using Erasure Codes",
  JOURNAL =      "ACM Trans. Inform. and Syst. Security",
  YEAR =         "2003",
  volume =       "6",
  number =       "2",
  pages =        "258285",
  month =        "",
  note =         "",
  abstract =     "",
  keywords =     "",
  source =       "",
}

@UNPUBLISHED{PM,
  AUTHOR =       "A. Pannetrat and R. Molva",
  TITLE =        "Efficient Multicast Packet Authentication",
  NOTE =         "presented at ISOC Network and Distributed System Security Symposium
                    (NDSS). [Online]. Available: \url{http://www.isoc.org/isoc/conferences/ndss/03/proceedings/}",
  year =         "",
  month =        "",
  abstract =     "",
  keywords =     "",
  source =       "",
}

@ARTICLE{WD03,
  AUTHOR =       "Wu, Y. and Deng, R. H.",
  TITLE =        "Content-aware Authentication of Motion JPEG2000 Stream in Lossy Networks",
  JOURNAL =      "IEEE Trans. Consumer Electron.",
  YEAR =         "2003",
  volume =       "49",
  number =       "4",
  pages =        "792801",
  month =        "",
  note =         "",
  abstract =     "",
  keywords =     "",
  source =       "",
}

@MISC{LC99,
  author =       "C.-Y. Lin and S.-F. Chang",
  title =        "Issues and Solutions for Authenticating {MPEG} Video",
  howpublished = "in SPIE Security and Watermarking of Multimedia Contents",
  year =         "1999",
  month =        "",
  note =         "",
  abstract =     "",
  keywords =     "",
  source =       "",
}
@BOOK{LJ04,
  AUTHOR =       "S. Lin and D. J. Costello Jr",
  editor =       "",
  TITLE =        "Error Control Coding: Fundamentals and Applications",
  PUBLISHER =    "NJ: Prentice-Hall",
  YEAR =         "2004",
  volume =       "",
  number =       "",
  series =       "",
  address =      "",
  edition =      "2",
  month =        "",
  note =         "",
  abstract =     "",
  isbn =         "",
  price =        "",
  keywords =     "",
  source =       "",
}

@ARTICLE{WD06,
  AUTHOR =       "Wu, Y. and Deng, R. H.",
  TITLE =        " Scalable Authentication of {MPEG-4} Streams",
  JOURNAL =      "IEEE Transactions on Multimedia",
  YEAR =         "2006",
  volume =       "8",
  number =       "",
  issue =        "1",
  pages =        "152-161",
  month =        "February",
  note =         "",
  abstract =     "",
  keywords =     "",
  source =       "",
}


@INPROCEEDINGS{ZSL04,
  AUTHOR =       {Zhu, B. B. and Swanson, M. D. and Li, S.},
  TITLE =        "Encryption and authentication for scalable multimedia: Current state of the art and challenges",
  BOOKTITLE =    "Proc. SPIE Int. Sympo. Inf. Technology \& Commun.",
  YEAR =         "2004",
  editor =       "",
  volume =       "5601",
  number =       "",
  series =       "",
  pages =        "157-170",
  address =      "Philadelphia, PA, US",
  month =        "October",
  organization = "",
  publisher =    "",
  note =         "",
  abstract =     "",
  keywords =     "",
}

@inproceedings{WLYC06,
  author    = {Wang, C. C. and Lin, Y. C. and Yi, S. C. and Chen, P. Y.},
  title     = "Digital Authentication and Verification in {MPEG-4} Fine-Granular Scalability Video Using Bit-Plane Watermarking",
  booktitle = "Proc. of IPCV06",
  year      = "2006",
  pages     = "16-21",
}

@ARTICLE{AYK07,
  AUTHOR =       {Atrey, P. K. and Yan, W. Q. and Kankanhalli, M. S.},
  TITLE =        {A Scalable Signature Scheme for Video Authentication},
  JOURNAL =      {Multimedia Tools and Applications},
  YEAR =         {2007},
  volume =       {34},
  issue =        {1},
  pages =        {107-135},
  month =        {July},
  note =         {},
  abstract =     {},
  keywords =     {},
  source =       {},
}

@ARTICLE{SHA79,
  AUTHOR =       {Adi Shamir},
  TITLE =        {How to share a secret},
  JOURNAL =      {Communications of the ACM},
  YEAR =         {1979},
  volume =       {22},
  issue =        {11},
  pages =        {612-613},
  month =        {November},
  note =         {},
  abstract =     {},
  keywords =     {},
  source =       {},
}


@INPROCEEDINGS{SHZT03,
  AUTHOR =       {Sun, A. and He, D. and Zhang, Z. and Tian, Q.},
  TITLE =        {A Secure and Robust Approach to Scalable Video Authentication},
  BOOKTITLE =    {Proc of International Conference on Multimedia and Expo (ICME '03)},
  YEAR =         {2003},
  editor =       {},
  volume =       {2},
  number =       {},
  series =       {},
  pages =        {209-212},
  address =      {},
  month =        {July},
  organization = {},
  publisher =    {},
  note =         {},
  abstract =     {},
  keywords =     {},
}

@INPROCEEDINGS{STC02,
  AUTHOR =       {Sun, Q. and Tian, Q. and Chang, S. F.},
  TITLE =        {A Robust and Secure Media Signature Scheme for JPEG Images},
  BOOKTITLE =    {IEEE Workshop on Multimedia Signal Processing},
  YEAR =         {2002},
  editor =       {},
  volume =       {},
  number =       {},
  series =       {},
  pages =        {296-299},
  address =      {},
  month =        {December},
  organization = {},
  publisher =    {},
  note =         {},
  abstract =     {},
  keywords =     {},
}

@INPROCEEDINGS{SCMS02,
  AUTHOR =       {Sun, Q. and Chang, S. F. and Maeno, K. and Suto, M.},
  TITLE =        {A New Semi-Fragile Image Authentication Framework Combining ECC and PKI Infrastructure},
  BOOKTITLE =    {International Symposium on Circuits and Systems (ISCAS02)},
  YEAR =         {2002},
  editor =       {},
  volume =       {},
  number =       {},
  series =       {},
  pages =        {},
  address =      {Phoneix, USA},
  month =        {May},
  organization = {},
  publisher =    {},
  note =         {},
  abstract =     {},
  keywords =     {},
}

@INPROCEEDINGS{LPKD01,
  AUTHOR =       {Lin, E. T. and Podilchuk, C. I. and Kalker, T. and Delp, E. J.},
  TITLE =        {Streaming video and rate scalable compression: what are the challenges for watermarking?},
  BOOKTITLE =    {Proc. of the SPIE Security and Watermarking of Multimedia Contents III},
  YEAR =         {2001},
  editor =       {},
  volume =       {4314},
  number =       {},
  series =       {},
  pages =        {116-127},
  address =      {},
  month =        {January},
  organization = {},
  publisher =    {},
  note =         {},
  abstract =     {},
  keywords =     {},
}

@ARTICLE{HXA+05,
  AUTHOR =       {Habib, A. and Xu, D. and Atallah, M. and Bhargava, B. and Chuang, J.},
  TITLE =        {A tree-Based Forward Digest Protocol to Verify Data Integrity in distributed Media Streaming},
  JOURNAL =      {IEEE Transactions on Knowledge and Data Engineering},
  YEAR =         {2005},
  volume =       {17},
  number =       {7},
  pages =        {1010-1014},
  month =        {},
  note =         {July},
  abstract =     {},
  keywords =     {},
  source =       {},
}

@INPROCEEDINGS{LZW05,
  AUTHOR =       {Li, T. and Zhu, H. and Wu, Y.},
  TITLE =        {Multi-Source Stream Authentication Framework in case of Composite {MPEG-4} Stream},
  BOOKTITLE =    {International Conference on Information and Communications Security (ICICS'05)},
  YEAR =         {2005},
  editor =       {},
  volume =       {},
  number =       {3783},
  series =       {LNCS},
  pages =        {389-401},
  address =      {},
  month =        {},
  organization = {},
  publisher =    {Springer-Verlag},
  note =         {},
  abstract =     {},
  keywords =     {},
}

@ARTICLE{DMSW05,
  AUTHOR =       {Robert H. Deng and Di Ma and Weizhong Shao and Yongdong Wu},
  TITLE =        {Scalable Trusted Online Dissemination of JPEG2000 Images},
  JOURNAL =      {Multimedia Systems},
  YEAR =         {2005},
  volume =       {11},
  number =       {1},
  pages =        {60-67},
  month =        {},
  note =         {},
  abstract =     {},
  keywords =     {},
  source =       {},
}


@INPROCEEDINGS{KBFC04,
  AUTHOR =       {Karagiannis, T. and Broido, A. and Faloutsos, M. and Claffy, K.},
  TITLE =        {Transport layer identification of {P2P} traffic},
  BOOKTITLE =    {Proc. of ACM Conference on Internet Measurement (IMC'04)},
  YEAR =         {2004},
  editor =       {},
  volume =       {},
  number =       {},
  series =       {},
  pages =        {121-134},
  address =      {Taormina, Italy},
  month =        {October},
  organization = {},
  publisher =    {},
  note =         {},
  abstract =     {},
  keywords =     {},
}


@INPROCEEDINGS{SLP05,
  AUTHOR =       {Spognardi, A. and Lucarelli, A. and Di Pietro, R.},
  TITLE =        {A Methodology for {P2P} File-Sharing Traffic Detection},
  BOOKTITLE =    {Proc. of International Workshop on Hot Topics in Peer-to-Peer Systems (HOT-P2P'05)},
  YEAR =         {2005},
  editor =       {},
  volume =       {},
  number =       {},
  series =       {},
  pages =        {52-61},
  address =      {La Jolla, CA},
  month =        {July},
  organization = {},
  publisher =    {},
  note =         {},
  abstract =     {},
  keywords =     {},
}

@INPROCEEDINGS{MW06,
  AUTHOR =       {Madhukar, A. and Williamson, C.},
  TITLE =        {A Longitudinal Study of {P2P} Traffic Classification},
  BOOKTITLE =    {Proc. of IEEE International Symposium on Modeling, Analysis, and Simulation of Computer and Telecommunication Systems (MASCOTS'06)},
  YEAR =         {2006},
  editor =       {},
  volume =       {},
  number =       {},
  series =       {},
  pages =        {179-188},
  address =      {Monterey, CA},
  month =        {September},
  organization = {},
  publisher =    {},
  note =         {},
  abstract =     {},
  keywords =     {},
}

@MISC{GNUTELLA,
  author =       "Clip2",
  title =        "Gnutella Protocol Specification v0.4",
  howpublished = "document revision 1.2",
  year =         "2001",
  month =        "June",
  note =         "available online at: \url{http://www9.limewire.com/developer/gnutella_protocol_0.4.pdf}",
  abstract =     "",
  keywords =     "",
  source =       "",
}

@TECHREPORT{KB05,
  AUTHOR =       "Kulbak, Y. and Bickson, D.",
  TITLE =        "The {eMule} Protocol Specification",
  INSTITUTION =  "the Hebrew University of Jerusalem",
  YEAR =         "2005",
  type =         "Technical report",
  number =       "TR-2005-03",
  address =      "",
  month =        "January",
  note =         "available at \url{http://www.cs.huji.ac.il/labs/danss/presentations/emule.pdf}",
  abstract =     "",
  keywords =     "",
  source =       "",
}

@MISC{BITTORRENT,
  author =       "",
  title =        "Bittorrent Protocol Specification v1.0",
  howpublished = "",
  year =         "",
  month =        "",
  note =         "available at: \url{http://wiki.theory.org/BitTorrentSpecification}",
  abstract =     "",
  keywords =     "",
  source =       "",
}

@MISC{BT-STA-1,
  author =       "",
  title =        "",
  howpublished = "",
  year =         "",
  month =        "",
  note =         "\url{http://in.tech.yahoo.com/041103/137/2ho4i.html}",
  abstract =     "",
  keywords =     "",
  source =       "",
}

@MISC{BT-STA-2,
  author =       "",
  title =        "",
  howpublished = "",
  year =         "",
  month =        "",
  note =         "\url{http://torrentfreak.com/bittorrent-dominates-internet-traffic-070901}",
  abstract =     "",
  keywords =     "",
  source =       "",
}

@MISC{FASTTRACK,
  author =       "",
  title =        "The FastTrack Protocol (What is Currently Known)",
  howpublished = "v1.19",
  year =         "2004",
  month =        "July",
  note =         "\url{http://cvs.berlios.de/cgi-bin/viewcvs.cgi/gift-fasttrack/giFT-FastTrack/PROTOCOL?rev=HEAD&content-type=text/vnd.viewcvs-markup}",
  abstract =     "",
  keywords =     "",
  source =       "",
}

@inproceedings{SWX+07,
	booktitle = {Proc. of International Workshop on Peer-to-Peer Systems (IPTPS'07)},
	author = {G. Shen and Y. Wang and Y. Xiong and B. Zhao and Z. Zhang},
	address = {Bellevue, WA},
	month = {February},
	year = {2007},
	title = {{HPTP:} Relieving the Tension between {ISPs} and {P2P}}
}

@misc{DVBSpec, 
    key = {ETSI}, 
	Month = {June},
	Title = {{Digital Video Broadcasting} ({DVB}); {DVB} Specification for Data Broadcasting. {European Telecommunications Standards Institute (ETSI) Standard EN 301 192 Ver.~1.4.1}}, 
	Year = {2004}
}

@misc{DVBTSpec, 
    key = {ETSI}, 
	Month = {June},
	Title = {{Digital Video Broadcasting} ({DVB}); Framing structure, channel coding and modulation for digital terrestrial television. {European Telecommunications Standards Institute (ETSI) Standard EN 300 744 Ver.~1.5.1}}, 
	Year = {2004}
}

@misc{DVBIPDC, 
    key = {ETSI}, 
	Month = {November},
	Title = {{Digital Video Broadcasting} ({DVB}); {IP} Datacast over {DVB-H}: Content Delivery Protocol. {European Telecommunications Standards Institute (ETSI) Standard EN 102 472 Ver.~1.1.1}}, 
	Year = {2006}
}


@misc{DVBHSpec, 
    key = {ETSI}, 
	Month = {November},
	Title = {{Digital Video Broadcasting} ({DVB}); Transmission System for Handheld Terminals ({DVB-H}). {European Telecommunications Standards Institute (ETSI) Standard EN 302 304 Ver.~1.1.1}}, 
	Year = {2004}
}

@misc{DVBHImpl, 
    key = {ETSI}, 
	Month = {May},
	Title = {{Digital Video Broadcasting} ({DVB}); {DVB-H} Implementation Guidelines. {European Telecommunications Standards Institute (ETSI) Standard EN 102 377 Ver.~1.3.1}}, 
	Year = {2007}
}

@article{FHST06,
	year = {2006},
	pages = {194-209},
	title = {{DVB-H}: Digital Broadcast Services to Handheld Devices}, 
	Journal = {Proc. of the IEEE},
	volume = {94},
	author = {G. Faria and J. Henriksson and E. Stare and P. Talmola}, 
	number = {1},
	month = {January}
}

@misc{DVBSite,
	title = {{Digital Video Broadcasting (DVB)} Home Page},
	key = {DVB Home Page},
	note = {\url{http://www.dvb.org/}},
    year = {2008}
}

@misc{DVBHSite,
	title = {{Digital Video Broadcasting - Handheld (DVB-H)} Home Page},
	key = {DVB-H Home Page},
	year = {2009},
	note = {\url{http://www.dvb-h.org/}}
}

@article{GWAC05,
	author = {A. Ghosh and D. Wolter and J. Andrews and R. Chen}, 
	year = {2005},
	journal = {IEEE Communications Magazine},
	title = {Broadband wireless access with {WiMAX}/802.16: current performance benchmarks and future potential}, 
	pages = {129-136},
	volume = {43},
	number = {2},
	month = {February}
}

@article{CLME06,
	author = {C. Cicconetti and L. Lenzini and E. Mingozzi and C. Eklund}, 
	year = {2006},
	Journal = {IEEE Network Magazine},
	title = {Quality of service support in {IEEE} 802.16 networks}, 
	pages = {50-55},
	volume = {20},
	number = {2},
	month = {March}
}

@article{LOR98,
	year = {1998},
	pages = {952-973},
	title = {{VBR} Video: Tradeoffs and Potentials}, 
	Journal = {Proc. of the IEEE},
	volume = {86},
	author = {T. Lakshman and A. Ortega and A. Reibman}, 
	number = {5},
	month = {May}
}

@ARTICLE{SJK04,
  AUTHOR =       {T. Stockhammer and H. Jenkac and G. Kuhn}, 
  TITLE =        {Streaming Video Over Variable Bit-Rate Wireless Channels}, 
  JOURNAL =      {IEEE Transactions on Multimedia},
  YEAR =         {2004},
  volume =       {6},
  number =       {2},
  pages =        {268-277},
  month =        {},
  note =         {April},
  abstract =     {},
  keywords =     {},
  source =       {},
}

@misc{LarbinSite,
	title = {{Larbin Project Home Page}},
	key = {LarbinSite},
	note = {\url{http://larbin.sourceforge.net/index-eng.html}}
}

@misc{MediaCrawlerSite,
	title = {{MediaCrawler Project Home Page}},
	key = {MediaCrawlerSite},
	note = {\url{http://perform.wpi.edu/downloads/video-crawler/README.tools}}
}

@misc{CDL08,
    author = {X. Cheng and C. Dale and J. Liu},
    month = {July},
    title = {Understanding the Characteristics of {Internet} Short Video Sharing: {YouTube} as a Case Study},
    note = {\url{http://arxiv.org/abs/0707.3670v1}},
    year = {2007}
}

@article{LCKN05,
	year = {2005},
	pages = {601-626},
	title = {Characteristics of Streaming Media Stored on the Web}, 
	journal = {ACM Transactions on Internet Technology},
	volume = {5},
	author = {M. Li and M. Claypool and R. Kinicki and J. Nichols}, 
	number = {4},
	month = {November}
}

@article{KGKM07,
	year = {2007},
	title = {Quantitative Perceptual Comparison of Variable Bit Rate over Constant Bit Rate Encoding Scheme for {MPEG-4} Video}, 
	journal = {Journal of Electronic Imaging},
	volume = {16},
	author = {H. Koumaras and G. Gardikis and A. Kourtis and D. Martakos},
	number = {3},
	month = {August}
}

@misc{DVBFaq,
	title = {{DVB-H} Global Mobile {TV} : {FAQ}},
	key = {DVB-H FAQ},
	note = {\url{http://dvb-h.org/faq.htm}}, 
    year = {2008}
}

@misc{DVB-H-Paris,
	title = {{DVB-H Paris} Mobile {TV} Customer Trial Summary Page},
	key = {DVB-H-Paris},
	note = {\url{http://www.dvb-h-online.com/Services/services-paris-canalplus.htm}}
}

@misc{FLOOverview,
	title = {{FLO} Technology Overview},
	key = {{FLO} Overview},
	note = {\url{http://www.mediaflo.com/news/pdf/tech_overview.pdf}},
    year = {2009}
}

@misc{OMVC,
	title = {{ATSC} Mobile {DTV} Standard},
	key = {{ATSC} Mobile {DTV} Standard},
	note = {\url{http://www.openmobilevideo.com/about-mobile-dtv/standards/}},
    year = {2009}
}

@misc{atsc-news,
	title = {Mobile {DTV} is Almost Official},
	key = {Mobile {DTV} is Almost Official},
	note = {\url{http://www.broadcastingcable.com/article/307463-Mobile_DTV_is_Almost_Official.php}},
    year = {2009}
}


@article{TM06,
	year = {2006},
	pages = {251-256},
	title = {Transmission System for {ISDB-T}},
	Journal = {Proc. of the IEEE},
	volume = {94},
	author = {M. Takada and M. Saito},
	number = {1},
	month = {January}
}

@ARTICLE{CLBY+07,
  AUTHOR =       {S. Cho and G. Lee and B. Bae and K. Yang and C. Ahn and S. Lee and C. Ahn},
  TITLE =        {System and Services of {Terrestrial Digital Multimedia Broadcasting} ({T-DMB})}, 
  JOURNAL =      {IEEE Transactions on Broadcasting},
  YEAR =         {2007},
  volume =       {53},
  number =       {1},
  pages =        {171-178},
  month =        {March},
  part = {2},
  optnote =         {},
  abstract =     {},
  keywords =     {},
  source =       {},
}

@ARTICLE{HHHK+07, 
  AUTHOR =      {F. Hartung and U. Horn and J. Huschke and M. Kampmann and T. Lohmar and M. Lundevall}, 
  TITLE =       {Delivery of Broadcast Services in {3G} Networks},
  JOURNAL =     {IEEE Transactions on Broadcasting},
  YEAR =        {2007},
  volume =      {53},
  number =      {1},
  pages =       {188-199},
  month =       {March},
  note =        {},
    part = {2},
  abstract =    {},
  keywords =    {},
  source =      {},
}

@misc{DABSpec, 
    key = {ETSI}, 
	Month = {May},
	Title = {Radio Broadcasting Systems: {Digital Audio Broadcasting} ({DAB}) to Mobile, Portable and Fixed Receivers. {European Telecommunications Standards Institute (ETSI) Standard EN 300 401 Ver.~1.3.3}},
	Year = {2001}
}

@misc{FLOForumSite,
	title = {{FLO} Forum Home Page},
	key = {FLO Forum Home Page},
	note = {\url{http://www.floforum.org/}}, 
    year = {2008}
}

@INPROCEEDINGS{YSOC+04,
  BOOKTITLE =    {Proc. of Joint IST Workshop on Mobile Future and Symposium on Trends in Communications (SympoTIC'04)},
  TITLE =        {Performance Analysis of Time Slicing in {DVB-H}},
  AUTHOR =       {X. Yang and Y. Song and T. Owens and J. Cosmas and T. Itagaki},
  YEAR =         {2004},
  editor =       {},
  volume =       {},
  number =       {},
  series =       {},
  pages =        {183-186},
  address =      {Bratislava, Slovakia},
  month =        {October},
  organization = {},
  publisher =    {},
  note =         {},
  abstract =     {},
  keywords =     {},
}

@INPROCEEDINGS{Kornfeld07,
  BOOKTITLE =    {Proc. of IEEE International Symposium on Consumer Electronics (ISCE'07)},
  TITLE =        {Optimizing the {DVB-H} Time Interleaving Scheme on the Link Layer for High Quality Mobile Broadcasting Reception},
  AUTHOR =       {M. Kornfeld},
  YEAR =         {2007},
  editor =       {},
  volume =       {},
  number =       {},
  series =       {},
  pages =        {1-6},
  address =      {Dallas, TX},
  month =        {June},
  organization = {},
  publisher =    {},
  note =         {},
  abstract =     {},
  keywords =     {},
}

@ARTICLE{RHG07,
  AUTHOR =      {M. Rezaei and M. Hannuksela and M. Gabbouj},
  TITLE =       {Tune-in Time Reduction in Video Streaming over {DVB-H}},
  JOURNAL =     {IEEE Transactions on Broadcasting},
  YEAR =        {2007},
  volume =      {53},
  number =      {1},
  pages =       {320-328},
  month =       {March},
  part = {2},
  optnote =        {},
  abstract =    {},
  keywords =    {},
  source =      {},
}

@TECHREPORT{KR05,
  AUTHOR =       "M. Kornfeld and U. Reimers",
  TITLE =        "{DVB-H} -- the Emerging Standard for Mobile Data Communication", 
  INSTITUTION =  "European Broadcasting Union",
  YEAR =         "2005",
  type =         "Technical Report",
  number =       "",
  address =      "",
  month =        "January",
  note =         "available at \url{http://www.ebu.ch/en/technical/trev/trev_301-dvb-h.pdf}",
  abstract =     "",
  keywords =     "",
  source =       "",
}

@ARTICLE{KM07,
  AUTHOR =      {M. Kornfeld and G. May},
  TITLE =       {{DVB-H} and {IP Datacast} -- Broadcast to Handheld Devices}, 
  JOURNAL =     {IEEE Transactions on Broadcasting},
  YEAR =        {2007},
  volume =      {53},
  number =      {1},
  pages =       {161-170},
  month =       {March},
  part =       {2},
  optnote =        {},
  abstract =    {},
  keywords =    {},
  source =      {},
}

@INPROCEEDINGS{May04,
  BOOKTITLE =    {Proc. of IEEE International Symposium on Consumer Electronics (ISCE'04)},
  TITLE =        {The {IP Datacast} System - Overview and Mobility Aspects}, 
  AUTHOR =       {G. May}, 
  YEAR =         {2004},
  editor =       {},
  volume =       {},
  number =       {},
  series =       {},
  pages =        {509-514},
  address =      {Reading, UK},
  month =        {September},
  organization = {},
  publisher =    {},
  note =         {},
  abstract =     {},
  keywords =     {},
}

@misc{IPDatacastSpec, 
    key = {ETSI}, 
	Month = {November},
	Title = {{Digital Video Broadcasting} ({DVB}); {IP} Datacast over {DVB-H}: Set of Specifications for Phase 1. {European Telecommunications Standards Institute (ETSI) Standard EN 102 468 Ver.~1.1.1}}, 
	Year = {2007}
}

@misc{FATCAPSSite,
	title = {{FATCAPS} Project},
	key = {{FATCAPS} Project},
	note = {\url{http://amuse.ftw.at/downloads/encapsulator}},
    year = {2008}
}

@misc{x264,
	key = {{x264} Project Page},
	title = {{x264} - a Free {H264/AVC} Encoder},
	note = {\url{http://www.videolan.org/developers/x264.html}}, 
    year = {2008}
}

@misc{JustDVB-ITSite,
	title = {{JustDVB-IT} Project Page},
	key = {JustDVB-ITSite},
	note = {\url{http://krusty.cineca.it/vpweb/cgi-bin/blosxom.cgi}}
}

@misc{Dektec-DTA-110T-SP,
	title = {{Dektec DTA-110T PCI} Modulator},
	key = {Dektec Modulator},
	note = {\url{http://www.dektec.com/Products/DTA-110T/}}, 
    year = {2008}
}

@misc{Spectrum-LP49,
	title = {Spectrum {LP49-DTV} Indoor Antenna}, 
	key = {Spectrum Indoor Antenna},
	note = {\url{http://spectrum.co.kr/}}, 
    year = {2008}
}

@misc{Kuhne-lna-bb-3000, 
	title = {{KU LNA BB 3000 A} Super Low Noise Amplifier Product Page},
	key = {Kuhne-lna-bb-3000},
	note = {\url{http://www.kuhne-electronic.de/en/shop/143_Vorverstaerker/article:337_KU_LNA_BB_3000_A}}
}

@misc{Enensys-amplifier,
	title = {Enensys 1-Watt {RF} Power Amplifier}, 
	key = {Enensys amplifier},
	note = {\url{http://www.enensys.com/}}, 
    year = {2008}
}

@misc{nova-t, 
	title = {{WinTV-NOVA-T USB} DVB-T Receiver}, 
	key = {{WinTV-NOVA-T USB} stick}, 
	note = {\url{http://www.hauppauge.co.uk/}}, 
    year = {2008}
}

@misc{mad_flute, 
	title = {{MAD-FLUTE} Project}, 
	key = {{MAD-FLUTE} Project},
	note = {\url{http://mad.cs.tut.fi/}}, 
    year = {2008}
}

@misc{linux_tv, 
	title = {{Linux TV} Project, Television with Linux}, 
	key = {{Linux TV} Project},
	note = {\url{http://www.linuxtv.org/}}, 
    year = {2008}
}

@misc{dvbSAM, 
	title = {{dvbSAM DVB-H} Solution for Analysis, Monitoring, and Measurement}, 
	key = {{dvbSAM} Analyzer},
	note = {\url{http://www.decontis.com/}}, 
    year = {2008}
}

@misc{Divicatch,
	title = {{Divi Catch RF-T/H} Transport Stream Analyzer},
	key = {{DiviCatch} Analyzer},
	note = {\url{http://www.enensys.com/}}, 
    year = {2008}
}

@Article{KIM78,
  author =   {H. Kise and T. Ibaraki and H. Mine}, 
  title =    {A Solvable Case of the One-Machine Scheduling Problem with Ready and Due Times},
  journal =  {Operations Research},
  year =     {1978},
  OPTkey =   {},
  volume =   {26},
  number =   {1},
  pages =    {121-126},
  month =    {January},
  OPTnote =      {},
  OPTannote =    {}
}

@book{Brucker04,
	author = {P. Brucker},
	edition = {4th},
	title = {Scheduling Algorithms},
	year = {2004},
	publisher = {Springer},
    optaddress = {Berlin, Germany}
}

@book{Pinedo08,
	author = {M. Pinedo},
	edition = {3rd},
	title = {Scheduling: Theory, Algorithms, and Systems},
	year = {2008},
	publisher = {Springer},
    optaddress = {New York City, NY}
}


@book{GL97,
	author = {F. Glover and  M. Laguna},
	edition = {1st},
	title = {Tabu Search},
	year = {1997},
	publisher = {Kluwer Academic Publishers},
    address = {Norwell, MA}
}

@book{FA08,
	editor = {B. Furht and S. Ahson}, 
	edition = {1st},
	title = {Handbook of Mobile Broadcasting: {DVB-H, DMB, ISDB-T, and MediaFLO}},
	year = {2008},
	publisher = {Auerbach Publications},
    address = {Boca Raton, FL}
}

@INPROCEEDINGS{ZFK07,
  BOOKTITLE =    {Proc. of IEEE Wireless Communications and Networking Conference (WCNC'07)},
  TITLE =        {Cooperative Power Saving Strategies for {IP}-Services Supported over {DVB-H} Networks},
  AUTHOR =       {Q. Zhang and F. Fitzek and M. Katz}, 
  YEAR =         {2007},
  editor =       {},
  volume =       {},
  number =       {},
  series =       {},
  pages =        {4107-4111},
  address =      {Hong Kong, China},
  month =        {March},
  organization = {},
  publisher =    {},
  note =         {},
  abstract =     {},
  keywords =     {},
}

@INPROCEEDINGS{BFOG05,
  BOOKTITLE =    {Proc. of IEEE International Symposium on Personal, Indoor and Mobile Radio Communications (PIMRC'05)},
  TITLE =        {Performance evaluation of power saving strategies for {DVB-H} services using adaptive {MPE-FEC} decoding},
  AUTHOR =       {E. Balaguer and F. Fitzek and O. Olsen and M. Gade}, 
  YEAR =         {2005},
  editor =       {},
  volume =       {},
  number =       {},
  series =       {},
  pages =        {2221-2226},
  address =      {Berlin, Germany},
  month =        {September},
  organization = {},
  publisher =    {},
  note =         {},
  abstract =     {},
  keywords =     {},
}

@inproceedings{MQWZ05,
	year = {2005},
	month = {June},
	booktitle = {Proc. ACM SIGMETRICS'05}, 
	pages = {38-49},
	address = {Banff, Canada},
	title = {On {AS}-Level Path Inference},
	author = {Z. Mao and L. Qiu and J. Wang and Y. Zhang}
}

@inproceedings{MRWK03,
	year = {2003},
	title = {Towards an Accurate {AS}-Level Traceroute Tool},
	author = {Z. Mao and J. Rexford and J. Wang and R. Katz},
	address = {Karlsruhe, Germany},
	month = {August},
    pages = {365-378},
	booktitle = {Proc. of ACM SIGCOMM (SIGCOOM'03)}
}

@article{DKFH+06,
	number = {1},
	journal = {ACM SIGCOMM Computer Communication Review},
	month = {January},
	pages = {29-40},
	title = {{AS} Relationships: Inference and Validation},
	volume = {37},
	year = {2007},
	author = {X. Dimitropoulos and D. Krioukov and M. Fomenkov and B. Huffaker and Y. Hyunand K. Claffy and G. Riley}
}


@ARTICLE{BEHP+07,
  AUTHOR =       {G. Battista and T. Erlebach and A. Hall and M. Patrignani and M. Pizzonia and T. Schank},
  TITLE =        {Computing the Types of the Relationships between Autonomous Systems},
  JOURNAL =      {IEEE/ACM Transactions on Networking},
  YEAR =         {2007},
  volume =       {15},
  number =       {2},
  pages =        {267-280},
  month =        {April},
  note =         {},
  abstract =     {},
  keywords =     {},
  source =       {},
}

@ARTICLE{Gao01,
  AUTHOR =       {L. Gao},
  TITLE =        {On Inferring Autonomous System Relationships in the {Internet}},
  JOURNAL =      {IEEE/ACM Transactions on Networking},
  YEAR =         {2001},
  volume =       {9},
  number =       {6},
  pages =        {733-745},
  month =        {December},
  note =         {},
  abstract =     {},
  keywords =     {},
  source =       {},
}

@inproceedings{SARK02,
	year = {2002},
	booktitle = {IEEE INFOCOM 2002},
	author = {L. Subramanian and S. Agarwal and J. Rexford and R. Katz},
	month = {June},
	address = {New York, NY},
    pages = {618-627},
	title = {Characterizing the {Internet} Hierarchy from Multiple Vantage Points}
}


@TechReport{HH08_TR, 
  author =       "M. Hefeeda and C. Hsu",
  title =        {On Burst Transmission Scheduling in Mobile {TV} Broadcast Networks}, 
  month =        "August",
  year =         "2008",
  institution =  "Simon Fraser University",
  pages =        "",
  abstract =     "", 
  note = "Available online at \url{http://nsl.cs.sfu.ca/wiki/}"
}

@BOOK{GJ79,
  AUTHOR =      "M. Garey and D. Johnson",
  TITLE =       "Computers and Intractability: A Guide to The Theory of NP-completeness",
  editor =       "",
  PUBLISHER =    "W. H. Freeman", 
  YEAR =         "1979",
  volume =       "",
  number =       "",
  series =       "",
  optaddress =      "San Francisco, CA",
  OPTedition =      "1st",
  month =        "",
  note =         "",
  abstract =     "",
  isbn =         "",
  price =        "",
  keywords =     "",
  source =       "",
}

@INPROCEEDINGS{BLSS06,
  AUTHOR =       {Y. Bartal and S. Leonardi and G. Shallom and R. Sitters},
  TITLE =        {On the Value of Preemption in Scheduling}, 
  BOOKTITLE =    {Workshop on Approximation Algorithms for Combinatorial Optimization Problems (APPROX'06)},
  YEAR =         {2006},
  editor =       {},
  volume =       {},
  number =       {},
  pages =        {39-48},
  address =      {Barcelona, Spain},
  month =        {August},
  organization = {},
  note =         {},
  abstract =     {},
  keywords =     {},
}

@article{WSJK+03,
	Author = {T. Wiegand and H. Schwarz and A. Joch and F. Kossentini and G. Sullivan}, 
	Journal = {IEEE Transactions on Circuits and Systems for Video Technology},
	Month = {July},
	Number = {7},
	Pages = {688-703},
	Title = {Rate-constrained Coder Control and Comparison of Video Coding Standards}, 
	Volume = {13},
	Year = {2003}
}

@article{LNNM+06,
	Author = {P. Lambert and W. de Neve and P. de Neve and I. Moerman and P. Demeester and R. van de Walle}, 
	Journal = {IEEE Transactions on Circuits and Systems for Video Technology},
	Month = {January},
	Number = {1},
	Pages = {134-140},
	Title = {Rate-distortion Performance of {H.264/AVC} Compared to State-of-the-art Video Codecs}, 
	Volume = {16},
	Year = {2006}
}

@article{BS03,
	Author = {O. Braun and G. Schmidt}, 
	Journal = {SIAM Journal on Computing}, 
	Number = {3},
	Pages = {671-680},
	Title = {Parallel Processor Scheduling with Limited Number of Preemptions}, 
	Volume = {32},
	Year = {2003}
}

@article{MPT94,
	Author = {R. Motwani and S. Phillips and E. Torng}, 
	Journal = {Theoretical Computer Science},
	Number = {1},
    Month = {August},
	Pages = {17-47},
	Title = {Nonclairvoyant scheduling}, 
	Volume = {130},
	Year = {1994}
}

@INPROCEEDINGS{Schwiegelshohn96,
  AUTHOR =       {U. Schwiegeishohn},
  TITLE =        {Preemptive Weighted Completion Time Scheduling of Parallel Jobs},
  booktitle = {Proc. of European Symposium on Algorithms (ESA'96)},
  YEAR =         {1996},
  editor =       {},
  volume =       {},
  number =       {},
  pages =        {39-51},
  address =      {Barcelona, Spain},
  month =        {September},
  organization = {},
  note =         {},
  abstract =     {},
  keywords =     {},
}

@INPROCEEDINGS{OP06, 
	Author = {V. Ollikainen and C. Peng}, 
	Booktitle = {Proc. of IEEE International Conference on Multimedia and Expo (ICME'06)},
	Month = {July},
	Title = {A Handover Approach to {DVB-H} Services},
    Pages = {629-632}, 
    Address = {Toronto, Canada}, 
	Year = {2006}
}

@inproceedings{VHG07,
	year = {2007},
	author = {V. Vadakital and M. Hannuksela and M. Gabbouj},
	booktitle = {Proc. of IEEE International Packet Video Workshop (PV'07)},
	month = {November},
	title = {Time-interleaved Simulcast and Redundant Intra Picture Insertion for Reducing Tune-in Delay in {DVB-H}},
    Pages = {123-132}, 
	address = {Lausanne, Switzerland}
}

@INPROCEEDINGS{TMHW+05,
  AUTHOR =    {D. Tian and V. Mv and M. Hannuksela and S. Wenger and M. Gabbouj},
  TITLE =     {Improved {H.264/AVC} Video Broadcast/Multicast}, 
  EDITOR =    {},
  BOOKTITLE = {Proc. of SPIE International Conference on Visual Communication and Image Processing (VCIP'05)},
  YEAR =      {2005}, 
  MONTH =     {July},
  Pages =     {71-82}, 
  ADDRESS =   {Beijing, China},
}

@INPROCEEDINGS{BT05, 
  AUTHOR =    {J. Boyce and A. Tourapis}, 
  TITLE =     {Fast Efficient Channel Change}, 
  EDITOR =    {},
  BOOKTITLE = {Proc. of IEEE International Conference on Consumer Electronics (ICCE'05)}, 
  YEAR =      {2005}, 
  MONTH =     {January},
  Pages =     {1-2}, 
  ADDRESS =   {Las Vegas, NV}
}

@misc{DVBHOfficial,
	title = {Mobile {TV} across {Europe}: Commission Endorses Addition of {DVB-H} to {EU} List of Official Standards}, 
	optkey = {{EU DVB-H}},
	author = {{EU DVB-H}},
	note = {\url{http://europa.eu/rapid/pressReleasesAction.do?reference=IP/08/451&format=PDF}}, 
    year = {2008}
}

@article{SMW07,
	Author = {H. Schwarz and D. Marpe and T. Wiegand},
	Journal = {IEEE Transactions on Circuits and Systems for Video Technology},
	Month = {September},
	Number = {9},
	Pages = {1103-1120},
	Title = {Overview of the Scalable Video Coding Extension of the {H.264/AVC} Standard},
	Volume = {17},
	Year = {2007}
}

@article{WSO07,
	Author = {M. Wien and H. Schwarz and T. Oelbaum},
	Journal = {IEEE Transactions on Circuits and Systems for Video Technology},
	Month = {September},
	Number = {9},
	Pages = {1194-1203},
	Title = {Performance Analysis of {SVC}},
	Volume = {17},
	Year = {2007}
}



@article{WWS07,
	Author = {S. Wenger and Y. Wang and T. Schierl},
	Journal = {IEEE Transactions on Circuits and Systems for Video Technology},
	Month = {September},
	Number = {9},
	Pages = {1164-1173},
	Title = {Transport and Signaling of {SVC} in {IP} Networks},
	Volume = {17},
	Year = {2007}
}

@misc{Stretch,
	title = {{Stretch Inc.} Announces Support for {H.264} Scalable Video Codec},
	key = {Stretch},
	note = {\url{http://www.stretchinc.com/news/pr_031008.php}}
}

@article{VCFG08,
	author = {D. Varodayan and D. Chen and M. Flierl and B. Girod},
	number = {},
	year = {},
	month = {},
	journal = {EURASIP Journal on Image Communication}, 
	pages = {}, 
	title = {{Wyner-Ziv} Coding of Video with Unsupervised Motion Vector Learning}, 
	volume = {},
    note = {Accepted in special section on distributed video coding, available online April 2008}, 
}

@phdthesis{Belkoura07,
	year = {2007},
    AUTHOR = {Z. Belkoura},
    TITLE = {Analysis and Application of Turbo Coder Based Distributed Video Coding},
    SCHOOL = {Technische Universit{\"a}t Berlin},
    MONTH = {July}
}

@article{GARR05, 
	Author = {B. Girod and A. Aaron and S. Rane and D. Rebollo-Monedero}, 
	Journal = {Proc. of the IEEE},
	Month = {January},
	Number = {1},
	Pages = {71-83},
	Title = {Distributed Video Coding},
	Volume = {93},
	Year = {2005}}

@INPROCEEDINGS{PR03, 
	Title = {{PRISM}: a ``Reversed'' Multimedia Coding Paradigm}, 
	Author = {R. Puri and K. Ramchandran}, 
	Booktitle = {Proc. of IEEE International Conference on Image Processing (ICIP'03)},
	Year = {2003},
	Month = {September},
    Pages = {617-620}, 
	Address = {Barcelona, Spain}
}

@INPROCEEDINGS{AZG02, 
	Title = {{Wyner-Ziv} coding of motion video}, 
	Author = {A. Aaron and R. Zhang and B. Girod},
	Booktitle = {Proc. of Asilomar Conference on Signals and Systems}, 
	Year = {2002},
	Month = {November},
    Pages = {240-244},
	Address = {Pacific Grove, CA}, 
}

@misc{VCFG08_SW,
	title = {Web Page of Unsupervised Learning of Motion in Distributed Video Coding},
	note = {\url{http://www.stanford.edu/~dmchen/dvc.html}},
	key = {Web Page of Source Package for Unsupervised Learning of Motion in Distributed Video Coding}
}

@article{pCDN_CBC,
	year = {2007},
	pages = {1-14},
	title = {{pCDN}: Peer-assisted Content Distribution Network},
	journal = {{CBC/Radio-Canada} Technology Review Magazine},
	volume = {4},
	author = {B. Jules and M. Hefeeda},
	number = {},
	month = {July}
}

@INPROCEEDINGS{RHG06, 
	Author = {M. Rezaei and M. Hannuksela and M. Gabbouj},
	Booktitle = {Proc. of IEEE International Conference on Multimedia and Expo (ICME'06)},
	Month = {July},
	Title = {Video Encoding and Splicing for Tune-in Time Reduction in {IP} Datacasting ({IPDC}) Over {DVB-H}}, 
    Pages = {601-604}, 
    Address = {Toronto, Canada}, 
	Year = {2006}
}

@INPROCEEDINGS{RHG06a, 
	Author = {M. Rezaei and M. Hannuksela and M. Gabbouj},
	Booktitle = {Proc. of IEEE International Conference on Image Processing (ICIP'06)},
	Month = {October},
	Title = {Video Splicing and Fuzzy Rate Control in {IP} Multi-Protocol Encapsulator for Tune-In Time Reduction in {IP} Datacasting ({IPDC}) over {DVB-H}}, 
    Pages = {3041-3044}, 
    Address = {Atlanta, GA}, 
	Year = {2006}
}

@INPROCEEDINGS{RBVG07, 
	Author = {M. Rezaei and I. Bouazizi and V. Vadakital and M. Gabbouj},
	Booktitle = {Proc. of IEEE International Conference on Portable Information Devices (PORTABLE'07)},
	Month = {March},
	Title = {Optimal Channel Changing Delay for Mobile {TV} Over {DVB-H}}, 
    Pages = {1-5}, 
    Address = {Orlando, FL}, 
	Year = {2007}
}

@article{IKFK+07,
	year = {2007},
	pages = {862-871},
	title = {A 184 {mW} Fully Integrated {DVB-H} Tuner With a Linearized Variable Gain {LNA} and Quadrature Mixers Using Cross-Coupled Transconductor},
	journal = {IEEE Journal of Solid-State Circuits},
	volume = {42},
	author = {K. Iizuka and H. Kawamura and T. Fujiwara and K. Kagoshima and S. Kawama and H. Kijima and M. Koutani and S. Toyoyama and K. Sakuno},
	number = {4},
	month = {April}
}

@InProceedings{TGCZ07,
  author = 	 {E. Tan and L. Guo and S. Chen and X. Zhang},
  title = 	 {{PSM-throttling}: Minimizing Energy Consumption for Bulk Data Communications in {WLANs}},
  booktitle = 	 {Proc. of IEEE International Conference on Network Protocols (ICNP'07)},
  OPTcrossref =  {},
  OPTkey = 	 {},
  pages = 	 {123-132},
  year = 	 {2007},
  OPTeditor = 	 {},
  OPTvolume = 	 {},
  OPTnumber = 	 {},
  OPTseries = 	 {},
  address   = 	 {Beijing, China},
  month = 	 {October},
  OPTorganization = {},
  OPTpublisher = {},
  OPTnote = 	 {},
  OPTannote = 	 {}
}

@TechReport{MMCN09a_TR, 
  author =       "C. Hsu and M. Hefeeda",
  title =        "Cross-layer Optimization of Video Streaming in Single-Hop Wireless Networks",
  month =        "July",
  year =         "2008",
  institution =  "Simon Fraser University",
  pages =        "",
  abstract =     "", 
  note = "Available online at http://nsl.cs.sfu.ca/wiki/index.php/Publications"
}

@TechReport{MMCN09_TR, 
  author =       "C. Hsu and M. Hefeeda",
  title =        "Bounding Switching Delay in Mobile {TV} Broadcast Networks",
  month =        "July",
  year =         "2008",
  institution =  "Simon Fraser University",
  pages =        "",
  abstract =     "", 
  note = "Available online at http://nsl.cs.sfu.ca/wiki/index.php/Publications"
}

@TechReport{pCache_TR, 
  author =       "M. Hefeeda and C. Hsu and K. Mokhtarian",
  title =        "Design and Evaluation of a Proxy Cache for {P2P} Traffic", 
  month =        "October",
  year =         "2008",
  institution =  "Simon Fraser University",
  pages =        "",
  abstract =     "", 
  note = "Available at \url{http://nsl.cs.sfu.ca/wiki/index.php/Publications}"
}

@inproceedings{OPWZZ08,
	year = {2008},
	month = {June},
	booktitle = {Proc. ACM SIGMETRICS'08}, 
	pages = {217-228},
	address = {Annapolis, MD},
	title = {In Search of the Elusive Ground Truth: The {Internet's AS-level} Connectivity Structure},
	author = {R. Oliveira and D. Pei and W. Willinger and B. Zhang and L. Zhang}
}

@INPROCEEDINGS{KBHG01,
  AUTHOR =    {K. Kamath and H. Bassali and R. Hosamani and L. Gao}, 
  TITLE =     {Policy-Aware Algorithms for Proxy Placement in the {Internet}},
  EDITOR =    {},
  BOOKTITLE = {Proc. of SPIE ITCOM (ITCOM'01)},
  YEAR =      {2001}, 
  MONTH =     {August},
  Pages =     {157-171}, 
  ADDRESS =   {Denver, CO}
}


@inproceedings{GW02,
	title = {The extent of {AS} path inflation by routing policies},
	address = {Taipei, Taiwan},
	month = {November},
	author = {L. Gao and F. Wang},
	booktitle = {Proc. of IEEE Global Telecommunications Conference (GLOBECOM'02)},
	pages = {2180-2184},
	year = {2002}
}

@inproceedings{XYKLS08,
	address = {Seattle, WA},
	month = {August},
	booktitle = {Proc. of ACM SIGCOMM'08},
	year = {2008},
	title = {{P4P}: Portal for ({P2P}) Applications},
	author = {H. Xie and Y. Yang and A. Krishnamurthy and Y. Liu and A. Silberschatz},
    pages = {351-362}
}


@inproceedings{pCacheDemo,
	year = {2008},
	address = {Seattle, WA},
	month = {August},
	title = {{pCache: A} Proxy Cache for Peer-to-Peer Traffic},
	author = {M. Hefeeda and C. Hsu and K. Mokhtarian},
	pages = {995-996}, 
	booktitle = {ACM SIGCOMM'08 Technical Demonstration Session}
}

@inproceedings{Zwick01,
	address = {Aarhus, Denmark},
	author = {U. Zwich},
	month = {August},
	year = {2001},
	pages = {33-48},
	booktitle = {Proc. of Annual European Symposium on Algorithm (ESA'01)},  
	title = {Exact and Approximate Distances in Graphs--A Survey}
}

@inproceedings{QG06,
	title = {{AS} Path Inference by Exploiting Known {AS} Paths},
	address = {San Francisco, CA},
	month = {November},
	author = {J. Qiu and L. Gao}, 
	booktitle = {Proc. of IEEE Global Telecommunications Conference (GLOBECOM'06)},
	pages = {1-5},
	year = {2006}
}

@inproceedings{HH08_innovations, 
  booktitle = "Proc. of IEEE Innovations in Information Technology (Innovations'08)", 
  address =   "Al Ain, United Arab Emirates", 
  author =    "M. Hefeeda and C. Hsu",
  title =     "Energy Optimization in Mobile {TV} Broadcast Networks", 
  month =     "December",
  pages =     "430-434",
  year =      "2008"
}


@inproceedings{HH09_mmcn, 
  booktitle = "Proc. of ACM/SPIE Multimedia Computing and Networking (MMCN'09)",
  address = "San Jose, CA",
  author =       "C. Hsu and M. Hefeeda",
  title =        "Bounding Switching Delay in Mobile {TV} Broadcast Networks",
  month =        "January",
  pages="72530A:1-72530A:12",
  year =         "2009"
}

@article{PM05,
	year = {2005},
	pages = {36-42},
	title = {{DVB-H} Architecture for Mobile Communications Systems},
	journal = {RF Design Magazine},
	author = {S. Pekowsky and K. Maalej},
	month = {April}
}

@TechReport{INFOCOM09_TR, 
  author =       "C. Hsu and M. Hefeeda",
  title =        "Time Slicing in Mobile {TV} Networks with Arbitrary Channel Bit Rates", 
  month =        "July",
  year =         "2008",
  institution =  "Simon Fraser University",
  pages =        "",
  abstract =     "", 
  note = "Available online at http://nsl.cs.sfu.ca/wiki/"
}

@inproceedings{AFBB02,
	address = {Marseille, France}, 
	month = {November},
    BOOKTITLE =  {Proc. of ACM SIGCOMM Internet Measurement Workshop (IMC'04)},
	year = {2002},
	pages = {243-248},
	title = {Topology Inference from {BGP} Routing Dynamics},
	author = {D. Andersen and N. Feamster and S. Bauer and H. Balakrishnan}
}


@article{DF07,
	volume = {9},
	author = {B. Donnet and T. Friedman},
	number = {4},
	pages = {56-69},
	journal = {IEEE Communications Surveys \& Tutorials},
	title = {{Internet} Topology Discovery: a Survey}, 
	year = {2007},
	month =  {4th Quarter}
}

@inproceedings{CB08,
	address = {Seattle, WA},
	month = {August},
	booktitle = {Proc. of ACM SIGCOMM'08},
	year = {2008},
	title = {Taming the {Torrent}: A Practical Approach to Reducing Cross-{ISP} Traffic in Peer-to-Peer Systems}, 
	author = {D. Choffnes and F. Bustamante}, 
    pages = {363-374}
}

@inproceedings{MJRW+04,
	year = {2004},
	booktitle = {Proc. of IEEE INFOCOM'04},
	author = {Z. Mao and D. Johnson and J. Rexford and J. Wang and R. Katz}, 
	month = {March},
	address = {Hong Kong, China},
	pages = {1605-1615},
	title = {Scalable and Accurate Identification of {AS}-Level Forwarding Paths}
}

@inproceedings{MFMR+06,
	address = {Pisa, Italy}, 
	month = {September},
	booktitle = {Proc. of ACM SIGCOMM'06},
	year = {2006},
	title = {Building an {AS}-Topology Model that Captures Route Diversity}, 
	author = {W. Muhlbauer and A. Feldmann and O. Maennel and M. Roughan and S. Uhlig}, 
    pages = {195-206}
}

@inproceedings{ZRPR06,
	address = {Boston, MA}, 
	author = {M. Zhang and Y. Ruan and V. Pai and J. Rexford}, 
	month = {May},
	year = {2006},
	pages = {369-374},
	booktitle = {Proc. of USENIX Annual Technical Conference (USENIX'06)},
	title = {How {DNS} Misnaming Distorts {Internet} Topology Mapping} 
}

@article{CR95,
	journal = {IEEE Network Magazine},
	author = {M. Caesar and J. Rexford}, 
	month = {November/December},
	pages = {5-11},
	year = {1995},
	volume = {19},
	number = {6},
	title = {{BGP} Routing Policies in {ISP} Networks}
}

@article{HRIM+08,
	volume = {10},
	author = {H. Haddadi and M. Rio and G. Iannaccone and A. Moore and R. Mortier}, 
	number = {2},
	pages = {48-69},
	journal = {IEEE Communications Surveys \& Tutorials},
	title = {Network Topologies: Inference, Modeling, and Generation}, 
	year = {2008},
	month =  {2nd Quarter}
}

@TechReport{ROADS08_TR, 
  author =       "C. Hsu and M. Hefeeda",
  title =        "Efficient {ISP-Friendly} Peer Matching", 
  month =        "September",
  year =         "2008",
  institution =  "Simon Fraser University",
  pages =        "",
  abstract =     "", 
  note = "Available online at http://nsl.cs.sfu.ca/wiki/"
}

@article{GG06,
	volume = {17},
	author = {H. Haddadi and M. Rio and G. Iannaccone and A. Moore and R. Mortier}, 
	number = {2},
	pages = {451-466},
	journal = {Journal of Visual Communication and Image Representation}, 
	title = {Layered {H.264} Video Transmission with Hierarchical {QAM}}, 
	year = {2006},
	month =  {April}
}

@article{LL06,
	year = {2006},
	pages = {183-193},
	title = {Terrestrial {DVB} ({DVB-T}): A Broadcast Technology for Stationary Portable and Mobile Use},
	Journal = {Proc. of the IEEE},
	volume = {94},
	author = {U. Ladebusch and C. Liss}, 
	number = {1},
	month = {January}
}

@INPROCEEDINGS{HSW08, 
	Author = {C. Hellge and T. Schierl and T. Wiegand}, 
	Booktitle = {Proc. of IEEE International Conference on Multimedia and Expo (ICME'08)},
	Month = {April},
	Title = {Mobile {TV} Using Scalable Video Coding and Layer-aware Forward Error Correction}, 
    Pages = {1177-1180}, 
    Address = {Hannover, Germany}, 
	Year = {2008}
}

@inproceedings{WWK04,
	volume = {3164},
	author = {Y. Wen and R. Wolski and C. Krintz},
	isbn = {978-3-540-24031-0},
	booktitle = {Power-Aware Computer Systems},
	month =  {December},
	publisher = {Springer-Verlag},
	series = {Lecture Notes in Computer Science},
	title = {Online Prediction of Battery Lifetime for Embedded and Mobile Devices},
	year = {2004}
}

@INPROCEEDINGS{RSHI08, 
	Author = {N. Ravi and J. Scott and L. Han and L. Iftode},
	Booktitle = {Proc. of IEEE International Conference on Pervasive Computing and Communications (PerCom'08)}, 
	Month = {March},
	Title = {Context-aware Battery Management for Mobile Phones}, 
    Pages = {224-233}, 
    Address = {Hong Kong, China}, 
	Year = {2008}
}

@inproceedings{FS99,
	pages = {48-63},
	title = {Energy-aware Adaptation for Mobile Applications},
	author = {J. Flinn and M. Satyanarayanan},
	year = {1999},
	address = {Charleston, SC},
	booktitle = {Proc. of ACM Symposium on Operating Systems Principles (SOSP'99)},
	month = {December}
}

@article{RVR03,
	journal = {IEEE Computer Magazine},
	title = {Battery Modeling for Energy Aware System Design},
	month = {December},
	pages = {77-87},
	year = {2003},
	author = {R. Rao and S. Vrudhula and D. Rakhmatov}
}

@article{SSW07,
	Author = {T. Schierl and T. Stockhammer and T. Wiegand},
	Journal = {IEEE Transactions on Circuits and Systems for Video Technology},
	Month = {September},
	Number = {9},
	Pages = {1204-1217},
	Title = {Mobile Video Transmission Using Scalable Video Coding}, 
	Volume = {17},
	Year = {2007}
}

@article{RBG08,
    author = {M. Rezaei and I. Bouazizi and M. Gabbouj},
	journal = {IEEE Transactions on Multimedia},
    Title = {Joint Video Coding and Statistical Multiplexing for Broadcasting over {DVB-H} Channels},
    Year = {2008},
    Month = {December},
    Pages = {1455-1464}, 
    Volume = {10},
    Number = {7}
}

@misc{nseries,
	title = {{Nokia Nseries} Website},
	key = {{Nokia Nseries} Website},
	note = {\url{http://www.nseries.com/}}, 
    year = {2008}
}

@misc{gsmart,
	title = {{GSmart} Website},
	key = {{GSmart} Website},
	note = {\url{http://www.gigabytecm.com/}}, 
    year = {2008}
}

@misc{mobileTV_bbc,
	title = {Mobile {TV} Predicted to Be a Hit}, 
	key = {{BBC} Website},
	note = {\url{http://news.bbc.co.uk/2/hi/technology/6639249.stm}},
    year = {2007}
}

@TechReport{NETWORKING09_TR, 
  author =       "C. Hsu and M. Hefeeda",
  title =        "Video Broadcasting to Heterogeneous Mobile Devices",
  month =        "November",
  year =         "2008",
  institution =  "Simon Fraser University",
  pages =        "",
  abstract =     "", 
  note = "Available online at http://nsl.cs.sfu.ca/wiki/"
}

@TechReport{TESTBED_TR, 
  author =       "M. Hefeeda and C. Hsu",
  title =        "Design and Evaluation of a Testbed for Mobile {TV} Networks", 
  month =        "February",
  year =         "2009",
  institution =  "Simon Fraser University",
  number =       "TR 2009-03",
  pages =        "1-26",
  abstract =     "" 
}

@INPROCEEDINGS{KIM06, 
	Author = {T. Kim},
    Booktitle = {Proc. of IEEE International Conference on Embedded and Real-Time Computing Systems and Applications (RTCSA'06)}, 
	Month = {August},
	Title = {Application-Driven Low-Power Techniques Using Dynamic Voltage Scaling}, 
    Pages = {199-206}, 
    Address = {Sydney, Australia}, 
	Year = {2006}
}

@INPROCEEDINGS{MV04, 
	Author = {A. Mahesri and V. Vardhan}, 
    Booktitle = {Proc. of International  Workshop on Power-Aware Computer Systems (PACS'04)},  
	Month = {December},
	Title = {Power Consumption Breakdown on a Modern Laptop}, 
    Pages = {165-180}, 
    Address = {Portland, OR}, 
	Year = {2004}
}

@inproceedings{KSS07,
	month = {March},
	year = {2007},
	address = {Seoul, Korea},
	title = {Evaluation of Interval-based Dynamic Voltage Scaling Algorithms on Mobile {Linux} System}, 
	booktitle = {Proc. of ACM symposium on Applied computing (SAC'07)}, 
	author = {H. Kimm and S. Shin and C. Sung}, 
    pages = {1141-1145}
}

@inproceedings{SPH07,
	month = {September},
	year = {2007},
	address = {Salzburg, Austria}, 
	title = {Accurate On-line Prediction of Processor and Memory Energy Usage Under Voltage Scaling}, 
	booktitle = {Proc. of ACM/IEEE International Conference on Embedded Software (EMSOFT'07)}, 
	author = {D. Snowdon and S. Petters and G. Heiser}, 
    pages = {84-93}
}

@article{FZJ08,
	year = {2008},
	pages = {27:1-27:31},
	title = {An Energy-Aware Framework for Dynamic Software Management in Mobile Computing Systems},
	volume = {7},
	author = {Y. Fei and L. Zhong and N. Jha}, 
	number = {3},
	month = {April},
	journal = {ACM Transactions on Embedded Computing Systems}
}

@inproceedings{MCDN+03,
	title = {Integrated Power Management for Video Streaming to Mobile Handheld Devices}, 
	author = {S. Mohapatra and R. Cornea and N. Dutt and A. Nicolau and N. Venkatasubramanian}, 
	address = {Berkeley, CA},
	booktitle = {Proc. of ACM Multimedia'03},
	year = {2003},
	month = {November},
	pages = {582-591}
}

@inproceedings{HCW05,
	title = {Using Offline Bitstream Analysis for Power-Aware Video Decoding in Portable Devices}, 
	author = {Y. Huang and S. Chakraborty and Y. Wang},
	address = {Singapore},
	booktitle = {Proc. of ACM Multimedia'05},
	year = {2005},
	month = {November},
	pages = {299-302}
}

@inproceedings{YN04,
	title = {Practical Voltage Scaling for Mobile Multimedia Devices}, 
	author = {W. Yuan and K. Nahrstedt}, 
	address = {New York, NY},
	booktitle = {Proc. of ACM Multimedia'04},
	year = {2004},
	month = {October},
	pages = {924-931}
}

@article{YN06,
	year = {2006},
	pages = {292-331},
	title = {Energy-Efficient {CPU} Scheduling for Multimedia Applications},
	author = {W. Yuan and K. Nahrstedt}, 
	volume = {24},
	number = {3},
	month = {August},
	journal = {ACM Transactions on Computer Systems}
}

@article{LSC08,
	Title = {Chameleon: Application-Level Power Management}, 
	Author = {X. Liu and P. Shenoy and M. Corner}, 
	Journal = {IEEE Transactions on Mobile Computing},
	Year = {2008},
	Month = {August},
	Volume = {7},
	Number = {8},
	Pages = {995-1010}
}

@misc{video_nyt,
	title = {Video Road Hogs Stir Fear of {Internet} Traffic Jam}, 
	key = {{The New York Times Article}},
	note = {\url{http://www.nytimes.com/2008/03/13/technology/13net.html}}, 
    year = {2008},
    month = {March}
}


@INPROCEEDINGS{HH09_infocom, 
	Author = {C. Hsu and M. Hefeeda},
	booktitle = {Proc. of IEEE INFOCOM'09},
	Title = {Time Slicing in Mobile {TV} Broadcast Networks with Arbitrary Channel Bit Rates},
	Year = {2009},
    address = {Rio de Janeiro, Brazil},
	month = {April},
	Pages = {2231-2239}
}

@INPROCEEDINGS{HH09a, 
	Author = {C. Hsu and M. Hefeeda},
	Month = {January},
	Title = {Bounding Switching Delay in Mobile {TV} Broadcast Networks},
	Year = {2009},
  booktitle = {Proc. of ACM/SPIE Multimedia Computing and Networking (MMCN'09)},
  pages={72530A:1-72530A:12},
  address =  {San Jose, CA} 
}

@INPROCEEDINGS{HH09b, 
	Author = {C. Hsu and M. Hefeeda},
	Month = {January},
	Title = {Cross-layer Optimization of Video Streaming in Single-Hop Wireless Networks},
	Year = {2009},
  booktitle = {Proc. of ACM/SPIE Multimedia Computing and Networking (MMCN'09)},
  address =  {San Jose, CA} 
}

@INPROCEEDINGS{HH08b, 
	Author = {M. Hefeeda and C. Hsu},
	Month = {December},
	Booktitle = {Proc. of IEEE International Conference on Innovations in Information Technology (Innovations'08)},
	Title = {Energy Optimization in Mobile {TV} Broadcast Networks},
	Year = {2008},
    address = {Al Ain, United Arab Emirates}
}

@INPROCEEDINGS{HHL08,
    Author = {M. Hefeeda and C. Hsu and Y. Liu}, 
	Title = {Testbed and Experiments for Mobile {TV} ({DVB-H}) Networks}, 
	booktitle = {Proc. of ACM Multimedia'08 Demo Session},
	Month = {October},
    Address = {Vancouver, Canada}, 
	Year = {2008},
    optnote = {{Best Demo Award}}
}


@InBook{CK07,
  author =    {G. Creus and M. Kuulusa}, 
  ALTeditor = {},
  title = {Mobile Phone Programming, Optimizing Mobile Software with Built-in Power Profiling},
  chapter =   {25},
  publisher = {Springer Netherlands},
  year =      {2007},
  pages =     {449-462},
  OPTkey =    {},
  OPTvolume =    {},
  OPTnumber =    {},
  OPTseries =    {},
  OPTaddress =   {},
  OPTedition =      {},
  OPTmonth =     {},
  OPTnote =      {},
  OPTannote =    {}
}

@inproceedings{FWB07,
	pages = {48-63},
	title = {Power Provisioning for a Warehouse-Sized Computer}, 
	author = {X. Fan and W. Weber and L. Barroso}, 
	year = {2007},
	address = {San Diego, CA},
	booktitle = {Proc. of International Symposium on Computer Architecture (ISCA'07)},
	month = {June}
}

@inproceedings{RRK08,
	OPTpages = {},
	title = {A Comparison of High-Level Full-System Power Models}, 
	author = {S. Rivoire and P. Ranganathan and C. Kozyrakis},
	year = {2008},
	address = {San Diego, CA},
	booktitle = {Proc. of Workshop on Power Aware Computing and Systems (HotPower'08)},
	month = {December}
}

@article{PZHW+08,
	volume = {19},
	author = {W. Peng and J. Zao and H. Huang and T. Wang and L. Huang}, 
	number = {8},
	pages = {543-557},
	journal = {Journal of Visual Communication and Image Representation}, 
	title = {A Rate-Distortion Optimization Model for {SVC} Inter-Layer Encoding and Bitstream Extraction},
	year = {2008},
	month =  {December}
}

@inproceedings{MOM05,
	pages = {1142-1147},
	title = {Characterizing System Level Energy Consumption in Mobile Computing Platforms},
	author = {C. Margi and K. Obraczka and R. Manduchi},
	year = {2005},
	address = {Mawii, HI},
	booktitle = {Proc. of Wireless Communications and Mobile Computing Conference (IWCMC'05)}, 
	month = {June}
}

@incollection{Rezaei09,
    author =    {M. Rezaei},
    booktitle = {Mobile Multimedia Broadcasting Standards}, 
    title =     {Video Streaming over {DVB-H}}, 
    chapter =   {4},
    publisher = {Springer US},
    year =      {2009},
    pages =     {109-131},
	month =     {November},
	editor =    {F. Luo}
}


@incollection{Chou07,
    author =    {P. Chou},
	booktitle = {Multimedia Over {IP} and Wireless Networks}, 
    chapter =   {14},
    publisher = {Academic Press},
    year =      {2007},
    pages =     {453-502},
	month =     {March},
    title =     {Streaming Media on Demand and Live Broadcast}, 
	editor =    {M. van der Schaar and P. Chou}
}


@article{SRD00,
    author = {S. Sen and J. Rexford and J. Dey and J. Kurose and D. Towsley},
	journal = {IEEE Transactions on Multimedia},
    Title = {Online Smoothing of Variable-Bit-Rate Streaming Video},
    Year = {2000},
    Month = {March},
    Pages = {37-48}, 
    Volume = {2},
    Number = {1}
}

@misc{nokia_mbs,
	title = {Nokia Mobile Broadcast Solution}, 
	key = {Nokia Mobile Broadcast Solution},
	note = {\url{http://www.mobiletv.nokia.com/solutions/mbs/}},
    year = {2009},
    month = {February}
}

@misc{dibcom,
	title = {Evolution of {DVB-T} Front-end Receivers through Integration},
	key = {DiBcom White Paper},
	note = {\url{http://www.dibcom.info/Images/Upload/pdf/whitePaper2_integration_MD_V2.pdf}},
    year = {2007},
    month = {June}
}

@misc{philips_chip,
	title = {{Philips SDIO TV1000/TV1100} Mobile/Portable {TV} Solutions},
	key = {Philips DVB-H Chip},
	note = {\url{http://www.nxp.com/acrobat_download/other/products/rf/SDIO_TV_final.pdf}},
    year = {2006},
    optmonth = {May}
}


@Misc{mbs_setup,
  opttitle = {{Nokia Vancouver Design Center}},
  howpublished = {Private communication with Nokia's engineers managing mobile {TV} base stations},
  year = {2008},
  month = {December}
}

@article{RCR03,
	Author = {J. Ribas-Corbera and P. Chou and S. Regunathan}, 
	Journal = {IEEE Transactions on Circuits and Systems for Video Technology},
	Month = {July},
	Number = {7},
	Pages = {674-687},
	Title = {A Generalized Hypothetical Reference Decoder for {H.264/AVC}}, 
	Volume = {13},
	Year = {2003}
}

@misc{DVBHCDP, 
    key = {ETSI}, 
	Month = {October},
	Title = {{Digital Video Broadcasting} ({DVB}); {IP} Datacast over {DVB-H}: Content Delivery Protocols ({CDP}) Implementation Guidelines. {European Telecommunications Standards Institute (ETSI) Standard EN 102 591 Ver.~1.1.1}}, 
	Year = {2007}
}

@article{LL03,
	journal = {IEEE Network Magazine},
	author = {B. Li and J. Liu},
	month = {January/February},
	pages = {24-29},
	year = {2003},
	title = {Multirate Video Multicast over the {Internet}: An Overview},
    Volume = {17},
    Number = {1}
}

@article{GZ05, 
	Author = {A. Ganjam and H. Zhang}, 
	Journal = {Proc. of the IEEE},
	Month = {January},
	Number = {1},
	Pages = {159-170},
	Title = {Internet Multicast Video Delivery},
	Volume = {93},
	Year = {2005}
}

@article{SR05,
	journal = {IEEE Potentials},
	author = {P. Seeling and M. Reisslein},
	month = {October/November},
	pages = {21-25},
	year = {2005},
	title = {Evaluating Multimedia Networking Mechanisms Using Video Traces}, 
    Volume = {24},
    Number = {4}
}

@article{SC98,
	journal = {Marketing Science},
	author = {S. Siddarth and A. Chattopadhyay},
	month = {Spring},
	pages = {124-138},
	year = {1998},
	title = {To Zap or Not to Zap: A Study of the Determinants of Channel Switching During Commercials},
    Volume = {17},
    Number = {2}
}

@MISC{Insight,
  TITLE =        {Streaming Media, {IPTV}, and Broadband Transport: Telecommunications Carriers and Entertainment Services 2006--2011},
  KEY =        {Insight Report},
  YEAR =         {2006},
  type =         {},
  number =       {},
  month =        {April},
  note =         {\url{http://www.insight-corp.com/execsummaries/iptv06execsum.pdf}},
  abstract =     {},
  keywords =     {},
  source =       {}
}

@MISC{RNCOS,
  TITLE =        {Global {IPTV} Market Analysis (2006--2010)},
  Key =        {Global {IPTV} Market Analysis},
  YEAR =         {2006},
  type =         {},
  number =       {},
  address =      {},
  optmonth =        {August},
  note =         {\url{http://www.rncos.com/Report/IM063.htm}},
  abstract =     {},
  keywords =     {},
  source =       {}
}

@misc{qik,
	title = {{Qik}, Share Live Video From Your Mobile Phone},
	key = {{Qik}},
	note = {\url{http://www.qik.com/}},
    year = {2009},
    month = {March}
}

@misc{youtube_mobile,
	title = {{Mobile YouTube}, Broadcast Yourself},
	key = {{Mobile YouTube}},
	note = {\url{http://m.youtube.com/}},
    year = {2009},
    month = {March}
}

@misc{industry_canada,
	title = {{WiMAX} and Wireless Mesh Worldwide Market Opportunities for {Canadian} Companies},
	key = {{Maravedis Report}},
	note = {\url{http://www.ic.gc.ca/eic/site/ict-tic.nsf/vwapj/0107896e.pdf}},
    year = {2008},
    optmonth = {March}
}

@misc{att_news,
	title = {{AT\&T} Sells Wireless Spectrum in Southeast to {Clearwire} Corporation},
	key = {{AT\&T News}},
	note = {\url{http://www.att.com/gen/press-room?pid=4800&cdvn=news&newsarticleid=23428}},
    year = {2007},
    optmonth = {February}
}

@article{LLC05,
	Author = {H. Lai and J. Lee and L. Chen},
	Journal = {IEEE Transactions on Circuits and Systems for Video Technology},
	Month = {February},
	Number = {2},
	Pages = {221-231},
	Title = {A Monotonic-Decreasing Rate Scheduler for Variable-Bit-Rate Video Streaming},
	Volume = {15},
	Year = {2005}
}

@article{LCHL06,
	Author = {J. Lin and R. Chang and J. Ho and F. Lai},
	journal = {IEEE Transactions on Multimedia},
	Month = {October},
	Number = {5},
	Pages = {996-1004},
	Title = {{FOS}: A Funnel-Based Approach for Optimal Online Traffic Smoothing of Live Video},
	Volume = {8},
	Year = {2006}
}

@inproceedings{CCS06,
	title = {A Smoothing Algorithm for Time Slicing {DVB-H} Video Transmission with Bandwidth Constraints},
	author = {P. Camarda and G. Tommaso and D. Striccoli},
	year = {2006},
	address = {Alghero, Italy},
	booktitle = {Proc. of ACM International Mobile Multimedia Communications Conference (MobiMedia'06)}, 
	month = {September}
}

@article{WGSF+08,
	journal = {IEEE Communications Magazine},
	author = {F. Wang and A. Ghosh and C. Sankaran and P. Fleming and F. Hsieh and S. Benes},
	month = {October},
	pages = {41-49},
	year = {2008},
	title = {Mobile {WiMAX} Systems: Performance and Evolution},
    Volume = {46},
    Number = {10}
}

@INPROCEEDINGS{ABGL+06,
  AUTHOR =    {V. Alaria and A. Bianco and P. Giaccone and E. Leonardi and F. Neri},
  TITLE =     {Design of Switches with Reconfiguration Latency}, 
  BOOKTITLE = {Proc. of IEEE International Conference on Communications (ICC'06)},
  YEAR =      {2006}, 
  PAGES =     {2599-2605},
  MONTH =     {June},
  ADDRESS =   {Istanbul, Turkey}
}

@INPROCEEDINGS{HH09_networking,
    Author = {C. Hsu and M. Hefeeda},
    booktitle = {Proc. of IFIP Networking'09},
    address = {Aachen, Germany},
    Month = {May},
    Pages = {600-613},
    Title = {Video Broadcasting to Heterogeneous Mobile Devices},
    Year = {2009},
}

@inproceedings{MRG07,
	year = {2007},
	booktitle = {Proc. of IEEE INFOCOM'07},
	author = {N. Magharei and R. Rejaie and Y. Guo},
	month = {May},
	address = {Anchorage, AK},
	pages = {1424-1432},
	title = {Mesh or Multiple-Tree: A Comparative Study of Live {P2P} Streaming Approaches}
}


@Misc{dvbh_germany_pilot1,
  title = {{DVB-H Pilot in Erlangen}},
  howpublished = {\url{http://www.dvb-h.org/Services/services-erlangen.htm}},
  year = {2005},
  optmonth = {October}
}

@Misc{dvbh_germany_pilot2,
  title = {{DVB-H Pilot in Berlin-Brandenburg}},
  howpublished = {\url{http://www.dvb-h.org/Services/services-berlin-t-systems.htm}},
  year = {2007},
  optmonth = {December}
}

@inproceedings{MKPF99,
	address = {Boulder, CO}, 
	author = {E. Markatos and M. Katevenis and D. Pnevmatikatos and M. Flouris},
	month = {October},
	year = {1999},
	pages = {93-104},
	booktitle = {Proc. of USENIX Symposium on Internet Technologies and Systems (USITS'99)},
	title = {Secondary Storage Management for {Web} Proxies}
}

@misc{ipoque,
	title = {Ipoque {Internet} Study},
	key = {Ipoque {Internet} Study},
	note = {\url{http://www.ipoque.com/resources/internet-studies/internet-study-2008_2009}},
    year = {2009},
    optmonth = {April}
}

@inproceedings{WMO09,
	year = {2009},
	author = {Y. Wang and Z. Ma and Y. Ou},
	booktitle = {Proc. of IEEE International Packet Video Workshop (PV'09)},
	month = {May},
	title = {Modeling Rate and Perceptual Quality of Scalable Video as Functions of Quantization and Frame Rate and Its Application in Scalable Video Adaptation},
    optPages = {-}, 
	address = {Seattle, WA}
}

@misc{RFC2068,
	year = {1997},
	month = {January},
	howpublished = {RFC 2068},
	title = {Hypertext Transfer Protocol -- {HTTP}/1.1},
	author = {R. Fielding and J. Gettys and J. Mogul and H. Frystyk and T. Berners-Lee}
}

@article{PS05,
	year = {2005},
	pages = {18-27},
	title = {Energy Scavenging for Mobile and Wireless Electronics},
	journal = {IEEE Pervasive Computing},
	volume = {4},
	author = {J. Paradiso and T. Starner},
	number = {1},
	month = {January-March}
}

@inproceedings{VMO07,
	year = {2007},
	author = {W. Vorbau and A. Mitchell and K. O'Hara}, 
	booktitle = {Proc. of IEEE Workshop on Mobile Computing Systems and Applications (HotMobile'07)},
	month = {February},
	title = {``{My iPod} is my Pacifier'': An Investigation on the Everyday Practices of Mobile Video Consumption},
    Pages = {29-33}, 
	address = {Tucson, AZ}
}

@inproceedings{HH09_PV,
	year = {2009},
	author = {C. Hsu and M. Hefeeda},
	booktitle = {Proc. of IEEE International Packet Video Workshop (PV'09)},
	month = {May},
	title = {Multi-Layer Video Broadcasting With Low Channel Switching Delays},
    optPages = {-}, 
	address = {Seattle, WA}
}

@INPROCEEDINGS{Daoud07,
  BOOKTITLE =    {Proc. of IEEE International Symposium on Consumer Electronics (ISCE'07)},
  TITLE =        {Performance Comparison of the {DVB-H} and {FLO} Mobile Broadcasting Systems},
  AUTHOR =       {K. Daoud},
  YEAR =         {2007},
  pages =        {1-7},
  address =      {Dallas, TX},
  month =        {June}
}

@ARTICLE{CLMK+07,
  AUTHOR =      {M. Chari and F. Ling and A. Mantravadi and R. Krishnamoorthi and R. Vijayan and G. Walker and R. Chandhok},
  TITLE =       {{FLO} Physical Layer: An Overview},
  JOURNAL =     {IEEE Transactions on Broadcasting},
  YEAR =        {2007},
  volume =      {53},
  number =      {1},
  pages =       {145-160},
  month =       {March},
    part = {2},
  optnote =        {},
  abstract =    {},
  keywords =    {},
  source =      {},
}

@article{FR99,
	pages = {302-312},
	title = {Performance Evaluation of Smoothing Algorithms for Transmitting Prerecorded Variable-Bit-Rate Video},
	volume = {1},
	author = {W. Feng and J. Rexford},
	number = {3},
	journal = {IEEE Transactions on Multimedia},
	year = {1999},
	month = {September}
}

@article{SRDK+00,
	pages = {37-48},
	title = {Online Smoothing of Variable-Bit-Rate Streaming Video},
	volume = {2},
	author = {S. Sen and J. Rexford and J. Dey and J. Kurose and D. Towsley},
	number = {1},
	journal = {IEEE Transactions on Multimedia},
	year = {2000},
	month = {March}
}

@article{RBG09,
    author = {M. Rezaei and I. Bouazizi and M. Gabbouj},
	journal = {International Journal of Digital Multimedia Broadcasting},
    Title = {Implementing Statistical Multiplexing in {DVB-H}},
    Year = {2009},
    Month = {April},
    Volume = {2009}
}

@article{HH09_TON09a,
    author = {M. Hefeeda and C. Hsu},
	journal = {IEEE/ACM Transactions on Networking},
    Month = {July},
    Title = {On Burst Transmission Scheduling in Mobile {TV} Broadcast Networks},
    Year = {2009},
    note = {Accepted to appear}
}

@article{HH09_TON09b,
    author = {C. Hsu and M. Hefeeda},
	journal = {IEEE/ACM Transactions on Networking},
    Month = {August},
    Title = {Broadcasting Video Streams Encoded with Arbitrary Bit Rates in Energy-Constrained Mobile {TV} Networks},
    Year = {2009},
    note = {Accepted to appear}
}


@article{HW08,
    author = {Z. He and D. Wu},
	journal = {IEEE Transactions on Multimedia},
    Title = {Linear Rate Control and Optimum Statistical Multiplexing for {H.264} Video Broadcast},
    Year = {2008},
    Month = {November},
    Pages = {1237-1249}, 
    Volume = {10},
    Number = {7}
}

@article{TVT08,
    author = {M. Tagliasacchi and G. Valenzise and S. Tubaro},
	journal = {IEEE Transactions on Image Processing},
    Title = {Minimum Variance Optimal Rate Allocation for Multiplexed {H.264/AVC} Bitstreams},
    Year = {2008},
    Month = {July},
    Pages = {1057-1143}, 
    Volume = {17},
    Number = {7}
}



@INPROCEEDINGS{JTPB+08,
  BOOKTITLE =    {Proc. of IEEE International Symposium on Broadband Multimedia Systems and Broadcasting (BMSB'08)},
  TITLE =        {Statistical multiplexing using {SVC}},
  AUTHOR =       {M. Jacobs and J. Barbarien and S. Tondeur and R. Van de Walle and T. Paridaens and P. Schelkens},
  YEAR =         {2008},
  pages =        {1-6},
  address =      {Las Vegas, NV},
  month =        {March}
}


@misc{motStatMux,
	title = {Statistical Multiplexing over {IP}},
	key = {{Motorola}},
	note = {\url{http://www.motorola.com/staticfiles/Business/Products/TV%20Video%20Distribution/Video%20Distribution/Multiplexers/SX-1000/_Documents/_Static%20files/SP_StatmuxIP.pdf}},
    year = {2008},
    optmonth = {}
}


@misc{ipe-10,
	title = {{UDCast DVB-H/DVB-SH} Encapsulator ({IPE}-10)},
	key = {{UDCast}},
	note = {\url{http://www.udcast.com/products/downloads/DVB-H_DVB-SH_IPE.pdf}},
    year = {2008},
    optmonth = {}
}

@misc{dve-6000,
	title = {{UBS DVB-H IP} Encapsulator {DVE} 6000},
	key = {{UBS}},
	note = {\url{http://www.uniquesys.com/DVB-H-IP-Encapsulator-DVE-6000-SPEC-VER1.2.pdf}},
    year = {2009},
    optmonth = {}
}

@misc{opal-ii,
	title = {{Grass Valley} {Opal II} Mobile TV Encapsulator},
	key = {{Grass Valley}},
	note = {\url{http://www.grassvalley.com/docs/DataSheets/transmission/opal_ii/CDT-4009D-3.pdf}},
    year = {2009},
    optmonth = {}
}

@article{ADR08,
	journal = {IEEE Communications Magazine},
	author = {G. van der Auwera and P. David and M. Reisslein},
	month = {November},
	pages = {164-174},
	year = {2008},
	title = {Traffic Characteristics of {H.264/AVC} Variable Bit Rate Video},
    Volume = {46},
    Number = {11}
}

@article{PELT+06,
	journal = {IEEE Communications Magazine},
	author = {S. Parkvall and E. Englund and M. Lundevall and J. Torsner},
	month = {February},
	pages = {30-36},
	year = {2006},
	title = {Evolving {3G} Mobile Systems: Broadband and Broadcast Services in {WCDMA}},
    Volume = {44},
    Number = {2}
}

@article{WV96,
	journal = {IEEE Transactions on Consumer Electronics},
	author = {L. Wang and A. Vincent},
	month = {August},
	pages = {300-305},
	year = {1996},
	title = {Joint Rate Control for Multi-Program Video Coding},
    Volume = {42},
    Number = {3}
}

@inproceedings{HH09_MM09,
	title = {On Statistical Multiplexing of Variable-Bit-Rate Video Streams in Mobile Systems},
	author = {C. Hsu and M. Hefeeda},
	address = {Beijing, China},
	booktitle = {Proc. of ACM Multimedia'09},
	year = {2009},
	month = {October},
	pages = {411-420}
}


@article{SRK04,
  title={Network Performance Evaluation Using Frame Size and Quality Traces of Single-Layer and Two-Layer Video: A Tutorial},
  author={P. Seeling and M. Reisslein and B. Kulapala},
  journal={IEEE Communications Surveys and Tutorials},
  volume={6},
  number={2},
  pages={58-78},
  year={2004},
  month={July/September}
}

@article{FMLC+03,
	journal = {IEEE Network Magazine},
	author = {C. Fraleigh and S. Moon and B. Lyles and C. Cotton and M. Khan and D. Moll and R. Rockell and T. Seely and C. Diot},
	month = {November/December},
	pages = {6-16},
	year = {2003},
	title = {Packet-Level Traffic Measurements from the {Sprint IP} Backbone},
    Volume = {17},
    Number = {6}
}

@article{HH09_TOMCCAP09,
    author = {C. Hsu and M. Hefeeda},
	journal = {ACM Transactions on Multimedia Computing, Communications, and Applications}, 
    Month = {October},
	title = {Using Simulcast and Scalable Video Coding to Efficiently Control Channel Switching Delay in Mobile {TV} Broadcast Networks},
    Year = {2009},
    note = {Accepted to appear}
}



@misc{nordic,
	title = {{NorDig} Unified Requirements for Integrated Receiver Decoders for Use in Cable, Satellite, Terrestrial and {IP}-based Networks},
	key = {{Nordic}},
	note = {\url{http://www.nordig.org/pdf/NorDig-Unified,%20ver%201.0.2.pdf}},
    year = {2005},
    optmonth = {}
}

@incollection{Gardikis08,
    author =    {G. Gardikis},
	booktitle = {Transport and Time-Slicing Mechanisms in Multistandards for Mobile Broadcasting},
    chapter =   {9},
    publisher = {Springer},
    year =      {2008},
    pages =     {281-293},
	month =     {November},
    title =     {Mobile Multimedia Broadcasting Standards: Technology and Practice},
	editor =    {F. Luo}
}

@article{Liang04,
	journal = {IEEE Transactions on Systems, Man, and Cybernetics, Part C: Applications and Reviews},
	author = {Y. Liang},
	month = {February},
	pages = {32-47},
	year = {2004},
	title = {Real-Time {VBR} Video Traffic Prediction for Dynamic Bandwidth Allocation},
    Volume = {34},
    Number = {1}
}

@misc{hhi_whitepaper,
	title = {Video Transmission for Mobile Wireless, Scalable Video Broadcasting in {4G} Cellular Deployments},
	key = {{HHI White Paper}},
	note = {\url{http://www.hhi.fraunhofer.de/fileadmin/hhi/downloads/BM/ICC2009/SVC-6c-low.pdf}},
    year = {2009},
    optmonth = {}
}

@misc{google_video,
	title = {H.264 Scalable Video Coding, What You Need to Know},
	key = {{Google Video Chat}},
	note = {\url{http://www.streaminglearningcenter.com/articles/60/1/}},
    year = {2009},
    optmonth = {}
}

@inproceedings{LZT08,
	title = {Development of The Mobile Phone Television Market in {China}}, 
	author = {X. Liang and B. Zhang and R. Taylor},
	address = {Honolulu, HI},
	booktitle = {Proc. of Pacific Telecommunications Council (PTC'08)},
	year = {2008},
	month = {January},
	pages = {1-22}
}


@article{PPHW06,
	journal = {International Journal of Communication Systems},
	author = {J. Peltotalo and S. Peltotalo and J. Harju and R. Walsh},
	month = {October},
	pages = {633-659},
	year = {2006},
	title = {Performance Analysis of a File Delivery System Based on The {FLUTE} Protocol},
    Volume = {20},
    Number = {6}
}

@inproceedings{BKH09,
    title = {A Comprehensive View on User Studies: Survey and Open Issues for Mobile {TV}},
    author = {S. Buchinger and S. Kriglstein and H. Hlavacs},
    address = {Leuven, Belgium},
    booktitle={Proc. of European Interactive Television Conference (EuroITV'09)},
	year = {2009},
	month = {June},
	pages = {179-188}
}

@misc{mtv_page,
	title = {{Project Page of Mobile TV Networks}},
	key = {{Mobile TV Project}},
	note = {\url{http://nsl.cs.sfu.ca/wiki/index.php/mobileTV}},
    year = {2009},
    optmonth = {}
}

@misc{iphone_nyt,
	title = {Customers Angered as {iPhones} Overload {AT\&T}},
	key = {{The New York Times Article}},
	note = {\url{http://www.nytimes.com/2009/09/03/technology/companies/03att.html}},
    year = {2009},
    month = {September}
}

@incollection{TN08,
    author = {D. Tran and T. Nguyen},
	booktitle = {Handbook of Mobile Broadcasting: {DVB-H, DMB, ISDB-T, and MediaFLO}},
    chapter = {24},
	publisher = {Auerbach Publications},
	year = {2008},
    pages = {675-696},
    month = {April},
    title = {Broadcasting Techniques for Video on Demand in Wireless Networks},
	editor = {B. Furht and S. Ahson}, 
    address = {Boca Raton, FL}
}

@inproceedings{Bria05,
    title = {Cost-based Resource Management in Hybrid Cellular-Broadcasting Systems},
    author = {A. Bria},
    address = {Stockholm, Sweden},
    booktitle={Proc. of IEEE Vehicular Technology Conference (VTC'05-Spring)},
	year = {2005},
	month = {May},
	pages = {3183-3187}
}

@inproceedings{ACGJ+09,
	title = {The Effectiveness of Intelligent Scheduling for Multicast Video-on-Demand},
	author = {V. Aggarwal and R. Caldebank and V. Gopalakrishnan and R. Jana and K. Ramakrishnan and F. Yu},
	address = {Beijing, China},
	booktitle = {Proc. of ACM Multimedia'09},
	year = {2009},
	month = {October},
	pages = {421-430}
}

@article{BP01,
	journal = {IEEE Communications Magazine},
	author = {H. Balakrishnan and V. Padmanabhan},
	month = {April},
	pages = {60-67},
	year = {2001},
	title = {How Network Asymmetry Affects {TCP}},
    Volume = {39},
    Number = {4}
}

@article{AM01a,
	title = {Protocols for Asymmetric Communication Channels},
	journal = {Journal of Computer and System Sciences},
	author = {M. Adler and B. Maggs},
	year = {2001},
	pages = {573-596},
    Volume = {63},
	month = {December},
    Number = {4}
}

@inproceedings{WAF01,
	title = {New Protocols for Asymmetric Communication Channels},
	author = {J. Watkinson and M. Adler and F. Fich},
	address = {Catalonia, Spain},
	booktitle = {Proc. of International Colloquium on Structural Information and Communication Complexity (SIROCCO'01)},
	year = {2001},
	month = {June},
	pages = {337-350}
}

@article{BKLM03,
	title = {Asymmetric Communication Protocols via Hotlink Assignments}, 
	journal = {Theory of Computing Systems},
	author = {P. Bose and D. Krizanc and S. Langerman and P. Morin},
	year = {2003},
	pages = {655-661},
    Volume = {36},
	month = {November},
    Number = {6}
}

@article{BSTW86,
	title = {A Locally Adaptive Data Compression Scheme},
	journal = {Communications of the ACM},
	author = {J. Bentley and D. Sleator and R. Tarjan and V. Wei},
	year = {1986},
	pages = {320-330},
    Volume = {29},
	month = {April},
    Number = {4}
}

@inproceedings{Gagie06,
	title = {Dynamic Asymmetric Communication},
	author = {T. Gagie},
	address = {Chester, UK},
	booktitle = {Proc. of International Colloquium on Structural Information and Communication Complexity (SIROCCO'06)},
	year = {2006},
	month = {July},
	pages = {310-318}
}

@article{Gagie08,
	title = {Dynamic Asymmetric Communication},
	journal = {Information Processing Letters},
	author = {T. Gagie},
	year = {2008},
	pages = {352-355},
    Volume = {108},
	month = {November},
    Number = {6}
}

@inproceedings{FBHB+02,
	address = {San Francisco, CA}, 
	author = {N. Feamster and M. Balazinska and G. Harfst and H. Balakrishnan and D. Karger},
	month = {August},
	year = {2002},
	pages = {247-262},
	booktitle = {Proc. of USENIX Security Symposium (Security'02)},
	title = {{Infranet}: Circumventing Web Censorship and Surveillance}
}

@article{ZASA+09,
	pages = {752-764},
	title = {Distributed Rate Allocation Policies for Multihomed Video Streaming Over Heterogeneous Access Networks},
	volume = {11},
	author = {X. Zhu and P. Agrawal and J. Singh and T. Alpcan and B. Girod},
	number = {4},
	journal = {IEEE Transactions on Multimedia},
	year = {2009},
	month = {June}
}

@article{SGZL09,
	Author = {J. Sun and W. Gao and D. Zhao and W. Li},
	Journal = {IEEE Transactions on Circuits and Systems for Video Technology},
	Month = {March},
	Number = {3},
	Pages = {323-336},
	Title = {On Rate-Distortion modeling and Extraction of {H.264/SVC} Fine-Granular Scalable Video},
	Volume = {19},
	Year = {2009}
}

@article{ZSG05,
	Author = {X. Zhu and E. Setton and B. Girod},
	Journal = {Signal Processing: Image Communication},
	Month = {September},
	Number = {8},
	Pages = {773-783},
	Title = {Congestion-Distortion Optimized Video Transmission over Ad Hoc Networks},
	Volume = {20},
	Year = {2005}
}


@INPROCEEDINGS{EN09,
  AUTHOR =    {A. Eichhorn and P. Ni},
  TITLE =     {Pick your Layers wisely - A Quality Assessment of {H.264} Scalable Video Coding for Mobile Devices},
  BOOKTITLE = {Proc. of IEEE International Conference on Communications (ICC'09)},
  YEAR =      {2009}, 
  PAGES =     {1-6},
  MONTH =     {June},
  ADDRESS =   {Dresden, Germany}
}

@article{MK09,
    author = {E. Maani and A. Katsaggelos},
	journal = {IEEE Transactions on Image Processing},
    Title = {Optimized Bit Extraction Using Distortion Modeling in the Scalable Extension of {H.264/AVC}},
    Year = {2009},
    Month = {September},
    Pages = {2022-2029}, 
    Volume = {18},
    Number = {9}
}

@INPROCEEDINGS{MK09a,
  author = {E. Maani and A. Katsaggelos},
  TITLE =     {Two-Dimensional Channel Coding for Scalable {H.264/AVC} Video},
  BOOKTITLE = {Proc. of Picture Coding Symposium (PCS'09)},
  YEAR =      {2009}, 
  PAGES =     {1-4},
  MONTH =     {May},
  ADDRESS =   {Chicago, IL}
}

@INPROCEEDINGS{NC03,
  author = {J. Navratil and R. Cottrell},
  TITLE =     {{ABwE}: A Practical Approach to Available Bandwidth Estimation},
  BOOKTITLE = {Proc. of Passive and Active Measurement Workshop (PAM'03)},
  YEAR =      {2003}, 
  MONTH =     {April},
  ADDRESS =   {La Jolla, CA}
}

@article{Jacobson95,
	number = {1},
	journal = {ACM SIGCOMM Computer Communication Review},
	month = {January},
	pages = {157-187},
	title = {Congestion Avoidance and Control},
	volume = {25},
	year = {1995},
	author = {V. Jacobson}
}

@article{VBSM+05,
	volume = {23},
    author = {P. Vidales and J. Baliosian and J. Serrat and G. Mapp and F. Stajano and A. Hopper}, 
	number = {12},
	month = {December},
	pages = {2288-2304},
	year = {2005},
	journal = {IEEE Journal on Selected Areas in Communications},
	title = {Autonomic System for Mobility Support in {4G} Networks}
}

@inproceedings{THL06,
	year = {2006},
	booktitle = {Proc. of IEEE INFOCOM'06},
	author = {N. Thompson and G. He and H. Luo},
	month = {April},
	address = {Barcelona, Spain},
	pages = {1-12},
	title = {Flow Scheduling for End-Host Multihoming},
}

@article{SAK07,
	volume = {25},
    author={S. Shakkottai and E. Altman and A. Kumar}, 
	number = {6},
	month = {August},
	pages = {1207-1215},
	year = {2007},
	journal = {IEEE Journal on Selected Areas in Communications},
    title = {Multihoming of Users to Access Points in {WLANs}: A Population Game Perspective} 
}

@inproceedings{SSHK06,
	year = {2006},
	author = {A. Szwabe and A. Schorr and F. Hauck and A. Kassler},
	booktitle = {Proc. of IEEE International Packet Video Workshop (PV'06)},
	month = {May},
	title = {Dynamic Multimedia Stream Adaptation and Rate Control for Heterogeneous Networks},
    pages = {63-69}, 
	address = {Hangzhou, China}
}

@inproceedings{JF06,
	year = {2006},
	author = {D. Jurca and P. Frossard},
	booktitle = {Proc. of IEEE International Packet Video Workshop (PV'06)},
	month = {May},
	title = {Media-specific Rate Allocation in Heterogeneous Wireless Networks},
    pages = {713-726}, 
	address = {Hangzhou, China}
}

@inproceedings{ZSG06,
	year = {2006},
	author = {X. Zhu and J. Singh and B. Girod},
	booktitle = {Proc. of IEEE International Packet Video Workshop (PV'06)},
	month = {May},
	title = {Joint Routing and Rate Allocation for Multiple Video Streams in Ad-Hoc Wireless Networks},
    pages = {727-736}, 
	address = {Hangzhou, China}
}

@inproceedings{SAAS07,
	year = {2007},
	author = {J. Singh and T. Alpcan and P. Agrawal and V. Sharma},
	booktitle = {Proc. of IEEE International Symposium on a World of Wireless, Mobile and Multimedia Networks (WoWMoM'07)},
	month = {June},
    title = {An Optimal Flow Assignment Framework for Heterogeneous Network Access},
    pages = {1-12}, 
	address = {Helsinki, Finland}
}


@article{ASB09,
    title={Robust Rate Control for Heterogeneous Network Access in Multihomed Environments},
    author = {T. Alpcan and J. Singh and T. Basar},
	Journal = {IEEE Transactions on Mobile Computing},
	Year = {2009},
	Month = {January},
	Volume = {8},
	Number = {1},
	Pages = {41-51}
}


@article{MKN08,
	pages = {1366-1381},
	title = {Channel Aware Multiuser Scalable Video Streaming over Lossy Under-Provisioned Channels: Modeling and Analysis},
	volume = {10},
	author = {H. Mansour and V. Krishnamurthy and P. Nasiopoulos},
	number = {7},
	journal = {IEEE Transactions on Multimedia},
	year = {2008},
	month = {November}
}

@INPROCEEDINGS{TASB09,
  AUTHOR =    {D. Tsamis and T. Alpcan and J. Singh and N. Bambos},
  TITLE =     {Dynamic Resource Modeling for Heterogeneous Wireless Networks},
  BOOKTITLE = {Proc. of IEEE International Conference on Communications (ICC'09)},
  YEAR =      {2009}, 
  PAGES =     {1-6},
  MONTH =     {June},
  ADDRESS =   {Dresden, Germany}
}

@article{SAAS10,
	pages = {481-495},
    title = {A Markov Decision Process Based Flow Assignment Framework for Heterogeneous Network Access},
	volume = {16},
	author = {J. Singh and T. Alpcan and P. Agrawal and V. Sharma},
	number = {2},
	journal = {Wireless Networks},
	year = {2010},
	month = {February}
}

@inproceedings{RCCP+04,
	address = {Boston, MA}, 
	month = {June},
	booktitle = {Proc. of ACM International Conference on Mobile Systems, Applications And Services (MobiSys'04)}, 
	year = {2004},
	title = {{MAR}: A Commuter Router Infrastructure for the Mobile {Internet}},
	author = {P. Rodriguez and R. Chakravorty and J. Chesterfield and I. Pratt and S. Banerjee}, 
    pages = {217-230}
}

@inproceedings{SAZA07,
	year = {2007},
	author = {J. Singh and T. Alpcan and X. Zhu and P. Agrawal},
	booktitle = {Proc. of ACM Workshop on Middleware for Next-Generation Converged Networks and Applications (MNCNA'07)},
	month = {November},
    title = {Towards Heterogeneous Network Convergence: Policies and Middleware Architecture for Efficient Flow Assignment, Rate Allocation and Rate Control for Multimedia Applications},
    pages = {1-6}, 
	address = {Newport Beach, CA}
}

@Misc{ATT_Traffic,
  title = {{AT\&T} Faces 5,000 Percent Surge in Traffic},
  howpublished = {\url{http://www.internetnews.com/mobility/article.php/3843001}},
  year = {2009}
}

@Misc{TMobile_Traffic,
  title = {{T-Mobile's} Growth Focusing on {3G}},
  howpublished = {\url{http://connectedplanetonline.com/wireless/news/t-mobile-3g-growth-0130}},
  year = {2009}
}

@inproceedings{CS02a,
	year = {2002},
	author = {P. Chou and A. Sehgal},
	booktitle = {Proc. of IEEE International Packet Video Workshop (PV'02)},
	month = {April},
	title = {Rate-Distortion Optimized Receiver-Driven Streaming over Best-Effort Networks},
    optPages = {-}, 
	address = {Pittsburg, PA}
}

@book{BV04,
	author = {S. Boyd and L. Vandenberghe},
	edition = {1st},
	title = {Convex Optimization},
	year = {2004},
	publisher = {Cambridge University Press}
}

@Misc{cvx,
  title = {{CVX}: Matlab Software for Disciplined Convex Programming},
  howpublished = {\url{http://www.stanford.edu/~boyd/cvx/}},
  year = {2009}
}

@article{Sherali97,
	pages = {245-270},
	title = {Convex Envelopes of Multilinear Functions over a Unit Hypercube and over Special Discrete Sets},
	volume = {22},
	author = {H. Sherali},
	number = {1},
	journal = {ACTA  Mathematica Vietnamica},
	year = {1997}
}


@book{GSTH08,
	author = {D. Gross and J. Shortle and J. Thompson and C. Harris},
	edition = {4th},
	title = {Fundamentals of Queueing Theory},
	year = {2008},
	publisher = {Wiley-Interscience}
}

@article{CL03,
	pages = {159-162},
    title = {Waiting Time Distribution for the {M/M/m} Queue},
	volume = {150},
	author = {W. Chan and Y. Lin},
	number = {3},
	journal = {IEE Proceedings Communications},
	year = {2003},
	month = {June}
}

@inproceedings{LS04,
	year = {2004},
	author = {X. Lin and N. Shroff},
	booktitle = {Proc. of IEEE Conference on Decision and Control (CDC'04)},
	month = {December},
	title = {Joint Rate Control and Scheduling in Multihop Wireless Networks},
    pages = {1484-1489}, 
	address = {Paradise Island, Bahamas}
}

@article{NMR05,
	volume = {23},
    author={M. Neely and E. Modiano and C. Rohrs},
	number = {1},
	month = {January},
	pages = {89-103},
	year = {2005},
	journal = {IEEE Journal on Selected Areas in Communications},
    title = {Dynamic Power Allocation and Routing for Time Varying Wireless Networks}
}

@article{ES06,
	volume = {24},
    author={A. Eryilmaz and R. Srikant},
	number = {8},
	month = {August},
	pages = {89-103},
	year = {2006},
	journal = {IEEE Journal on Selected Areas in Communications},
    title = {Joint Congestion Control, Routing, and {MAC} for Stability and Fairness in Wireless Networks}
}

@inproceedings{MFK08,
	year = {2008},
	author = {R. McCabe and N. Freris and P. Kumar},
	booktitle = {Proc. of IEEE Conference on Decision and Control (CDC'08)},
	month = {December},
	title = {Controlled Random Access {MAC} for Network Utility Maximization in Wireless Networks},
    pages = {2350-2355}, 
	address = {Cancun, Mexico}
}

@article{JW09,
    author = {L. Jiang and J. Walrand},
    journal = {IEEE/ACM Transactions on Networking},
    Month = {November},
    Title = {A Distributed {CSMA} Algorithm for Throughput and Utility Maximization in Wireless Networks},
    Year = {2009},
    note = {Accepted to appear}
}


@article{XLS05,
	Title = {Digital Video Transcoding},
	Author = {J. Xin and C. Lin and M. Sun},
	Journal = {Proceedings of the IEEE},
	Year = {2005},
	Month = {January},
	Volume = {93},
	Number = {1},
	Pages = {84-97}
}

@article{AT04,
	journal = {IEEE Communications Magazine},
	author = {J. Apostolopoulos and M. Trott},
	month = {August},
	pages = {80-87},
	year = {2004},
	title = {Path Diversity for Enhanced Media Streaming},
    Volume = {42},
    Number = {8}
}

@Misc{TMobile_person,
  title = {{T-Mobile US}},
  howpublished = {Private communication with T-Mobile's management team},
  year = {2010},
  month = {February}
}

@article{LAG08,
	Author = {Y. Liang and J. Apostolopoulos and B. Girod},
	Journal = {IEEE Transactions on Circuits and Systems for Video Technology},
	Month = {July},
	Number = {7},
	Pages = {861-874},
	Title = {Analysis of Packet Loss for Compressed Video: Effect of Burst Losses and Correlation Between Error Frames},
	Volume = {18},
	Year = {2008}
}

@article{KMT98,
	Author = {F. Kelly and A. Maulloo and D. Tan},
	Journal = {Journal of the Operational Research Society},
	Month = {March},
	Number = {3},
	Pages = {237-252},
	Title = {Rate Control in Communication Networks: Shadow Prices, Proportional Fairness and Stability},
	Volume = {49},
	Year = {1998}
}

@misc{dccp,
	year = {2006},
	month = {March},
	howpublished = {RFC 4340},
	title = {Datagram Congestion Control Protocol ({DCCP})},
	author = {E. Kohler and M. Handley and S. Floyd},
	key = {DCCP}
}

@mastersthesis{Mattsson04,
	year = {2004},
	school = {Department of Computer Science and Electrical Engineering, Lulea Tekniska University},
	title = {A {DCCP} Module for {NS}-2},
	author = {N. Mattsson}
}

@techreport{HFSZ10_TR,
	institution = {Deutsche Telekom Inc. R\&D Laboratories},
	note = {under review, available at \url{http://12.71.54.174/HFSZ10_TR.pdf}},
	year = {2010},
	month = {June},
	title = {Scalable Video Streaming over Multiple Access Networks},
	author = {C. Hsu and N. Freris and J. Singh and X. Zhu}
}

@article{ZZZ05,
	Title = {End-to-End {QoS} for Video Delivery Over Wireless {Internet}},
	Author = {Q. Zhang and W. Zhu and Y. Zhang},
	Journal = {Proceedings of the IEEE},
	Year = {2005},
	Month = {January},
	Volume = {93},
	Number = {1},
	Pages = {123-134}
}

@INPROCEEDINGS{EKKH+10, 
	Address = {Amsterdam, Netherlands},
	Author = {K. Evensen and T. Kupka and D. Kaspar and P. Halvorsen and C. Griwodz},
	Booktitle = {Proc. of ACM International Workshop on Network and Operating Systems Support for Digital Audio and Video (NOSSDAV'10)},
	Month = {June},
	Title = {Quality-Adaptive Scheduling for Live Streaming over Multiple Access Networks},
    pages = {21-26},
	Year = {2010}
}

@inproceedings{HFSZ10,
	year = {2010},
	author = {C. Hsu and N. Freris and J. Singh and X. Zhu},
	booktitle = {Proc. of IEEE International Packet Video Workshop (PV'10)},
	month = {December},
	title = {Rate Control and Stream Adaptation for Scalable Video Streaming over Multiple Access Networks},
    optpages = {1-8}, 
	address = {Hong Kong, China}
}

@inproceedings{FHZS10,
	year = {2010},
	author = {N. Freris and C. Hsu and X. Zhu and J. Singh},
	booktitle = {Proc. of IEEE International Symposium on Multimedia (ISM'10)},
	month = {December},
	title = {Resource Allocation for Multihomed Scalable Video Streaming to Multiple Clients},
    pages = {9-16}, 
	address = {Taichung, Taiwan}
}

@article{HY09,
    title={A Novel Scheduled Power Saving Mechanism for 802.11 Wireless {LANs}},
    author = {Y. He and R. Yuan},
	Journal = {IEEE Transactions on Mobile Computing},
	Year = {2009},
	Month = {October},
	Volume = {8},
	Number = {10},
	Pages = {1368-1383}
}


@article{HH10,
    title={Broadcasting Video Streams Encoded With Arbitrary Bit Rates in Energy-Constrained Mobile {TV} Networks},
    author = {C. Hsu and M. Hefeeda},
    journal = {IEEE/ACM Transactions on Networking},
	Year = {2010},
	Month = {June},
	Volume = {1},
	Number = {3},
	Pages = {681-694}
}

@INPROCEEDINGS{LLGC11,
	Address = {Vancouver, Canada},
	Author = {Y. Liu and F. Li  and L. Guo and S. Chen},
	Booktitle = {Proc. of ACM International Workshop on Network and Operating Systems Support for Digital Audio and Video (NOSSDAV'11)},
	Month = {June},
	Title = {A Measurement Study of Resource Utilization in Internet Mobile Streaming},
    pages = {33-38},
	Year = {2011}
}

@article{WGC11,
	journal = {IEEE Communications Magazine},
	author = {J. Wang and M. Ghosh and K. Challapali},
	month = {March},
	pages = {74-81},
	year = {2011},
	title = {Emerging Cognitive Radio Applications: A Survey},
    Volume = {49},
    Number = {3}
}

@inproceedings{XML10,
	year = {2010},
	booktitle = {Proc. of IEEE INFOCOM'10},
	author = {X. Xing and S. Mishra and X. Liu},
	month = {March},
	address = {San Diego, CA},
	pages = {1352-1360},
	title = {{ARBOR}: Hang Together Rather Than Hang Separately in 802.11 {WiFi} Networks},
}

@inproceedings{FFGR10,
	year = {2010},
	booktitle = {Proc. of Euro-NF Conference on Next Generation Internet (NGI'10)},
	author = {P. Fuxjager and H. Fischer and I. Gojmerac and P. Reichl},
	month = {June},
	address = {Paris, France},
	pages = {1-8},
	title = {Radio Resource Allocation in Urban Femto-{WiFi} Convergence Scenarios},
}


